@MISC{MAKE,
author={{FSF} - {F}ree {S}oftware {F}oundation},
title={{GNU Make}},
howpublished={https://www.gnu.org/software/make/},
year="2021"
}

@techreport{baldwin1979heuristics,
  title={Heuristics for Determining Equivalence of Program Mutations.},
  author={Baldwin, Douglas and Sayward, Frederick},
  year={1979},
  institution={GEORGIA INST OF TECH ATLANTA SCHOOL OF INFORMATION AND COMPUTER SCIENCE}
}

@techreport{acree1980mutation,
  title={On Mutation.},
  author={Acree Jr, Allen Troy},
  year={1980},
  institution={GEORGIA INST OF TECH ATLANTA SCHOOL OF INFORMATION AND COMPUTER SCIENCE}
}

@article{Budd:1982,
 author = {Budd, Timothy A. and Angluin, Dana},
 title = {Two Notions of Correctness and Their Relation to Testing},
 journal = {Acta Inf.},
 volume = {18},
 number = {1},
 month = mar,
 year = {1982},
 issn = {0001-5903},
 pages = {31--45},
 numpages = {15},
 url = {http://dx.doi.org/10.1007/BF00625279},
 doi = {10.1007/BF00625279},
 acmid = {2697965},
 publisher = {Springer-Verlag New York, Inc.},
 address = {Secaucus, NJ, USA},
} 

@techreport{agrawal1989design,
  title={Design of mutant operators for the C programming language},
  author={Agrawal, Hiralal and DeMillo, Richard and Hathaway, R\_ and Hsu, William and Hsu, Wynne and Krauser, Edward W and Martin, Rhonda J and Mathur, Aditya P},
  year={1989}
}

@article{barton1990fault,
  title={Fault injection experiments using FIAT},
  author={Barton, James H. and Czeck, Edward W. and Segall, Zary Z and Siewiorek, Daniel P.},
  journal={IEEE Transactions on Computers},
  volume={39},
  number={4},
  pages={575--582},
  year={1990},
  publisher={IEEE}
}

@inproceedings{demillo1991compiler,
  title={Compiler-integrated program mutation},
  author={DeMillo, Richard A and Krauser, Edward W and Mathur, Aditya P},
  booktitle={[1991] Proceedings The Fifteenth Annual International Computer Software \& Applications Conference},
  pages={351--356},
  year={1991},
  organization={IEEE}
}

@article{king1991fortran,
  title={A fortran language system for mutation-based software testing},
  author={King, Kim N and Offutt, A Jefferson},
  journal={Software: Practice and Experience},
  volume={21},
  number={7},
  pages={685--718},
  year={1991},
  publisher={Wiley Online Library}
}

@inproceedings{mathur1991performance,
  title={Performance, effectiveness, and reliability issues in software testing},
  author={Mathur, Aditya P},
  booktitle={[1991] Proceedings The Fifteenth Annual International Computer Software \& Applications Conference},
  pages={604--605},
  year={1991},
  organization={IEEE}
}

@article{demillo1991constraint,
  title={Constraint-based automatic test data generation},
  author={DeMillo, R and Offutt, A. Jefferson},
  journal={IEEE Transactions on Software Engineering},
  number={9},
  pages={900--910},
  year={1991},
  publisher={IEEE}
}

@article{offutt1992investigations,
  title={Investigations of the software testing coupling effect},
  author={Offutt, A Jefferson},
  journal={ACM Transactions on Software Engineering and Methodology (TOSEM)},
  volume={1},
  number={1},
  pages={5--20},
  year={1992},
  publisher={ACM}
}

@inproceedings{untch1993mutation,
  title={Mutation analysis using mutant schemata},
  author={Untch, Roland H and Offutt, A Jefferson and Harrold, Mary Jean},
  booktitle={ACM SIGSOFT Software Engineering Notes},
  volume={18},
  number={3},
  pages={139--148},
  year={1993},
  organization={ACM}
}

@inproceedings{hutchins1994experiments,
  title={Experiments on the effectiveness of dataflow-and control-flow-based test adequacy criteria},
  author={Hutchins, Monica and Foster, Herb and Goradia, Tarak and Ostrand, Thomas},
  booktitle={Proceedings of 16th International conference on Software engineering},
  pages={191--200},
  year={1994},
  organization={IEEE}
}

@article{offutt1994using,
  title={Using compiler optimization techniques to detect equivalent mutants},
  author={Offutt, A Jefferson and Craft, W Michael},
  journal={Software Testing, Verification and Reliability},
  volume={4},
  number={3},
  pages={131--154},
  year={1994},
  publisher={Wiley Online Library}
}

@inproceedings{han1995doctor,
  title={Doctor: An integrated software fault injection environment for distributed real-time systems},
  author={Han, Seungjae and Shin, Kang G and Rosenberg, Harold A},
  booktitle={Proceedings of 1995 IEEE International Computer Performance and Dependability Symposium},
  pages={204--213},
  year={1995},
  organization={IEEE}
}

@article{wong1995reducing,
  title={Reducing the cost of mutation testing: An empirical study},
  author={Wong, W Eric and Mathur, Aditya P},
  journal={Journal of Systems and Software},
  volume={31},
  number={3},
  pages={185--196},
  year={1995},
  publisher={Elsevier}
}

@techreport{miller1995fuzz,
  title={Fuzz revisited: A re-examination of the reliability of UNIX utilities and services},
  author={Miller, Barton P and Koski, David and Lee, Cjin Pheow and Maganty, Vivekandanda and Murthy, Ravi and Natarajan, Ajitkumar and Steidl, Jeff},
  year={1995},
  institution={University of Wisconsin-Madison Department of Computer Sciences}
}

@article{daran1996software,
  title={Software error analysis: A real case study involving real faults and mutations},
  author={Daran, Murial and Th{\'e}venod-Fosse, Pascale},
  journal={ACM SIGSOFT Software Engineering Notes},
  volume={21},
  number={3},
  pages={158--171},
  year={1996},
  publisher={ACM New York, NY, USA}
}

@inproceedings{dawson1996testing,
  title={Testing of fault-tolerant and real-time distributed systems via protocol fault injection},
  author={Dawson, Scott and Jahanian, Farnam and Mitton, Todd and Tung, Teck-Lee},
  booktitle={Proceedings of Annual Symposium on Fault Tolerant Computing},
  pages={404--414},
  year={1996},
  organization={IEEE}
}

@inproceedings{offutt1996detecting,
  title={Detecting equivalent mutants and the feasible path problem},
  author={Offutt, A Jefferson and Pan, Jie},
  booktitle={Proceedings of 11th Annual Conference on Computer Assurance. COMPASS'96},
  pages={224--236},
  year={1996},
  organization={IEEE}
}

@article{rothermel1996experimental,
  title={An Experimental Determination of Sufficient Mutant Operators A. Jefferson Offutt Ammei Lee George Mason University},
  author={Rothermel, Gregg and Untch, Roland H and Zapf, Christian},
  journal={ACM Transactions on software engineering methodology},
  volume={5},
  number={2},
  pages={99--118},
  year={1996}
}

@inproceedings{delamaro1996proteum,
  title={Proteum-a tool for the assessment of test adequacy for c programs user’s guide},
  author={Delamaro, M{\'a}rcio Eduardo and Maldonado, Jos{\'e} Carlos and Mathur, AP},
  booktitle={PCS},
  volume={96},
  pages={79--95},
  year={1996}
}

@article{offutt1996experimental,
  title={An experimental determination of sufficient mutant operators},
  author={Offutt, A Jefferson and Lee, Ammei and Rothermel, Gregg and Untch, Roland H and Zapf, Christian},
  journal={ACM Transactions on Software Engineering and Methodology (TOSEM)},
  volume={5},
  number={2},
  pages={99--118},
  year={1996},
  publisher={ACM New York, NY, USA}
}

@techreport{offutt1996mutation,
  title={Mutation operators for Ada},
  author={Offutt, A Jefferson and Voas, Jeff and Payne, Jeff},
  year={1996},
  institution={Technical Report ISSE-TR-96-09, Information and Software Systems Engineering~…}
}

@article{offutt1997automatically,
  title={Automatically detecting equivalent mutants and infeasible paths},
  author={Offutt, A Jefferson and Pan, Jie},
  journal={Software testing, verification and reliability},
  volume={7},
  number={3},
  pages={165--192},
  year={1997},
  publisher={Wiley Online Library}
}

@book{voas1997software,
  title={Software fault injection: inoculating programs against errors},
  author={Voas, Jeffrey M and McGraw, Gary},
  year={1997},
  publisher={John Wiley \& Sons, Inc.}
}


@inproceedings{frankl1998further,
  title={Further empirical studies of test effectiveness},
  author={Frankl, Phyllis G and Iakounenko, Oleg},
  booktitle={Proceedings of the 6th ACM SIGSOFT international symposium on Foundations of software engineering},
  pages={153--162},
  year={1998}
}

@inproceedings{rothermel1998empirical,
  title={An empirical study of the effects of minimization on the fault detection capabilities of test suites},
  author={Rothermel, Gregg and Harrold, Mary Jean and Ostrin, Jeffery and Hong, Christie},
  booktitle={Proceedings. International Conference on Software Maintenance (Cat. No. 98CB36272)},
  pages={34--43},
  year={1998},
  organization={IEEE}
}

@inproceedings{ghosh1998testing,
  title={Testing the robustness of Windows NT software},
  author={Ghosh, Anup K and Schmid, Matthew and Shah, Viren},
  booktitle={Proceedings Ninth International Symposium on Software Reliability Engineering (Cat. No. 98TB100257)},
  pages={231--235},
  year={1998},
  organization={IEEE}
}

@article{tsai1999stress,
  title={Stress-based and path-based fault injection},
  author={Tsai, Timothy K and Hsueh, Mei-Chen and Zhao, Hong and Kalbarczyk, Zbigniew and Iyer, Ravishankar K},
  journal={IEEE Transactions on Computers},
  volume={48},
  number={11},
  pages={1183--1201},
  year={1999},
  publisher={IEEE}
}

@article{hierons1999using,
  title={Using program slicing to assist in the detection of equivalent mutants},
  author={Hierons, Rob and Harman, Mark and Danicic, Sebastian},
  journal={Software Testing, Verification and Reliability},
  volume={9},
  number={4},
  pages={233--262},
  year={1999},
  publisher={Wiley Online Library}
}

@article{mresa1999efficiency,
  title={Efficiency of mutation operators and selective mutation strategies: An empirical study},
  author={Mresa, Elfurjani S and Bottaci, Leonardo},
  journal={Software Testing, Verification and Reliability},
  volume={9},
  number={4},
  pages={205--232},
  year={1999},
  publisher={Wiley Online Library}
}

@incollection{delamaro2001proteum,
  title={Proteum/IM 2.0: An integrated mutation testing environment},
  author={Delamaro, M{\'a}rcio Eduardo and Maldonado, Jos{\'e} Carlos and Vincenzi, Auri Marcelo Rizzo},
  booktitle={Mutation testing for the new century},
  pages={91--101},
  year={2001},
  publisher={Springer}
}

@article{koopman2000exception,
  title={The exception handling effectiveness of POSIX operating systems},
  author={Koopman, Phil and DeVale, John},
  journal={IEEE Transactions on Software Engineering},
  volume={26},
  number={9},
  pages={837--848},
  year={2000},
  publisher={IEEE}
}

@article{delamaro2001interface,
  title={Interface mutation: An approach for integration testing},
  author={Delamaro, Marcio Eduardo and Maidonado, JC and Mathur, Aditya P.},
  journal={IEEE transactions on software engineering},
  volume={27},
  number={3},
  pages={228--247},
  year={2001},
  publisher={IEEE}
}

@inproceedings{aidemark2001goofi,
  title={Goofi: Generic object-oriented fault injection tool},
  author={Aidemark, Joakim and Vinter, Jonny and Folkesson, Peter and Karlsson, Johan},
  booktitle={2001 International Conference on Dependable Systems and Networks},
  pages={83--88},
  year={2001},
  organization={IEEE}
}

@article{barbosa2001toward,
  title={Toward the determination of sufficient mutant operators for C},
  author={Barbosa, Ellen Francine and Maldonado, Jos{\'e} Carlos and Vincenzi, Auri Marcelo Rizzo},
  journal={Software Testing, Verification and Reliability},
  volume={11},
  number={2},
  pages={113--136},
  year={2001},
  publisher={Wiley Online Library}
}

@incollection{offutt2001mutation,
  title={Mutation 2000: Uniting the orthogonal},
  author={Offutt, A Jefferson and Untch, Roland H},
  booktitle={Mutation testing for the new century},
  pages={34--44},
  year={2001},
  publisher={Springer}
}

@incollection{harman2001relationship,
  title={The relationship between program dependence and mutation analysis},
  author={Harman, Mark and Hierons, Rob and Danicic, Sebastian},
  booktitle={Mutation testing for the new century},
  pages={5--13},
  year={2001},
  publisher={Springer}
}

@article{misra2004guidelines,
  title={Guidelines for the use of the C language in critical systems},
  author={Misra, C},
  journal={MIRA Limited. Warwickshire, UK},
  year={2004}
}

@article{khurshid2004testera,
  title={TestEra: Specification-based testing of Java programs using SAT},
  author={Khurshid, Sarfraz and Marinov, Darko},
  journal={Automated Software Engineering},
  volume={11},
  number={4},
  pages={403--434},
  year={2004},
  publisher={Springer}
}

@inproceedings{adamopoulos2004overcome,
  title={How to overcome the equivalent mutant problem and achieve tailored selective mutation using co-evolution},
  author={Adamopoulos, Konstantinos and Harman, Mark and Hierons, Robert M},
  booktitle={Genetic and evolutionary computation conference},
  pages={1338--1349},
  year={2004},
  organization={Springer}
}

@article{maldonado2005bayesian,
  title={Bayesian-Learning Based Guidelines To Determine Equivalent Mutants},
  author={Maldonado, Jose Carlos and Delamaro, Marcio Eduardo and Romero, Roseli Aparecida Francelin},
  journal={Machine Learning Applications in Software Engineering},
  volume={16},
  number={6},
  pages={150},
  year={2005},
  publisher={World Scientific}
}

@inproceedings{chan2005fault,
  title={Fault-based testing of database application programs with conceptual data model},
  author={Chan, WK and Cheung, SC and Tse, TH},
  booktitle={Fifth International Conference on Quality Software (QSIC'05)},
  pages={187--196},
  year={2005},
  organization={IEEE}
}

@inproceedings{andrews2005mutation,
  title={Is mutation an appropriate tool for testing experiments?},
  author={Andrews, James H and Briand, Lionel C and Labiche, Yvan},
  booktitle={Proceedings of the 27th international conference on Software engineering},
  pages={402--411},
  year={2005},
  organization={ACM}
}

@inproceedings{offutt2006class,
  title={The class-level mutants of MuJava},
  author={Offutt, Jeff and Ma, Yu-Seung and Kwon, Yong-Rae},
  booktitle={Proceedings of the 2006 international workshop on Automation of software test},
  pages={78--84},
  year={2006},
  organization={ACM}
}

@inproceedings{crouzet2006sesame,
  title={The SESAME experience: from assembly languages to declarative models},
  author={Crouzet, Yves and Waeselynck, Helene and Lussier, Benjamin and Powell, David},
  booktitle={Second Workshop on Mutation Analysis (Mutation 2006-ISSRE Workshops 2006)},
  pages={7--7},
  year={2006},
  organization={IEEE}
}

@inproceedings{ma2006mujava,
  title={MuJava: a mutation system for Java},
  author={Ma, Yu-Seung and Offutt, Jeff and Kwon, Yong-Rae},
  booktitle={Proceedings of the 28th international conference on Software engineering},
  pages={827--830},
  year={2006},
  organization={ACM}
}

@inproceedings{ayari2007automatic,
  title={Automatic mutation test input data generation via ant colony},
  author={Ayari, Kamel and Bouktif, Salah and Antoniol, Giuliano},
  booktitle={Proceedings of the 9th annual conference on Genetic and evolutionary computation},
  pages={1074--1081},
  year={2007}
}

@inproceedings{martin2007fault,
  title={A fault model and mutation testing of access control policies},
  author={Martin, Evan and Xie, Tao},
  booktitle={Proceedings of the 16th international conference on World Wide Web},
  pages={667--676},
  year={2007},
  organization={ACM}
}

@inproceedings{ellims2007csaw,
  title={The Csaw C mutation tool: Initial results},
  author={Ellims, Michael and Ince, Darrel and Petre, Marian},
  booktitle={Testing: Academic and Industrial Conference Practice and Research Techniques-MUTATION (TAICPART-MUTATION 2007)},
  pages={185--192},
  year={2007},
  organization={IEEE}
}

@inproceedings{anand2007jpf,
  title={JPF--SE: A symbolic execution extension to java pathfinder},
  author={Anand, Saswat and P{\u{a}}s{\u{a}}reanu, Corina S and Visser, Willem},
  booktitle={International Conference on Tools and Algorithms for the Construction and Analysis of Systems},
  pages={134--138},
  year={2007},
  organization={Springer}
}

@article{tuya2007mutating,
  title={Mutating database queries},
  author={Tuya, Javier and Su{\'a}rez-Cabal, Ma Jos{\'e} and De La Riva, Claudio},
  journal={Information and Software Technology},
  volume={49},
  number={4},
  pages={398--417},
  year={2007},
  publisher={Elsevier}
}

@inproceedings{shahriar2008music,
  title={MUSIC: Mutation-based SQL injection vulnerability checking},
  author={Shahriar, Hossain and Zulkernine, Mohammad},
  booktitle={2008 The Eighth International Conference on Quality Software},
  pages={77--86},
  year={2008},
  organization={IEEE}
}

@inproceedings{jia2008milu,
  title={MILU: A customizable, runtime-optimized higher order mutation testing tool for the full C language},
  author={Jia, Yue and Harman, Mark},
  booktitle={Testing: Academic \& Industrial Conference-Practice and Research Techniques (taic part 2008)},
  pages={94--98},
  year={2008},
  organization={IEEE}
}

@inproceedings{shahriar2008mutation,
  title={Mutation-based testing of buffer overflow vulnerabilities},
  author={Shahriar, Hossain and Zulkernine, Mohammad},
  booktitle={2008 32nd Annual IEEE International Computer Software and Applications Conference},
  pages={979--984},
  year={2008},
  organization={IEEE}
}

@inproceedings{siami2008sufficient,
  title={Sufficient mutation operators for measuring test effectiveness},
  author={Siami Namin, Akbar and Andrews, James H and Murdoch, Duncan J},
  booktitle={Proceedings of the 30th international conference on Software engineering},
  pages={351--360},
  year={2008},
  organization={ACM}
}

@article{du2008towards,
  title={Towards mutation analysis for Lustre programs},
  author={du Bousquet, Lydie and Delaunay, Michel},
  journal={Electronic Notes in Theoretical Computer Science},
  volume={203},
  number={4},
  pages={35--48},
  year={2008},
  publisher={Elsevier}
}

@inproceedings{shahriar2008strings,
  title={Mutation-based testing of format string bugs},
  author={Shahriar, Hossain and Zulkernine, Mohammad},
  booktitle={2008 11th IEEE High Assurance Systems Engineering Symposium},
  pages={229--238},
  year={2008},
  organization={IEEE}
}

@inproceedings{padioleau2008documenting,
  title={Documenting and automating collateral evolutions in Linux device drivers},
  author={Padioleau, Yoann and Lawall, Julia and Hansen, Ren{\'e} Rydhof and Muller, Gilles},
  booktitle={Acm sigops operating systems review},
  volume={42},
  number={4},
  pages={247--260},
  year={2008},
  organization={ACM}
}

@inproceedings{cadar2008klee,
  title={KLEE: Unassisted and Automatic Generation of High-Coverage Tests for Complex Systems Programs.},
  author={Cadar, Cristian and Dunbar, Daniel and Engler, Dawson R and others},
  booktitle={OSDI},
  volume={8},
  pages={209--224},
  year={2008}
}

@inproceedings{roy2009mutation,
  title={A mutation/injection-based automatic framework for evaluating code clone detection tools},
  author={Roy, Chanchal K and Cordy, James R},
  booktitle={2009 International Conference on Software Testing, Verification, and Validation Workshops},
  pages={157--166},
  year={2009},
  organization={IEEE}
}

@article{polo2009decreasing,
  title={Decreasing the cost of mutation testing with second-order mutants},
  author={Polo, Macario and Piattini, Mario and Garc{\'\i}a-Rodr{\'\i}guez, Ignacio},
  journal={Software Testing, Verification and Reliability},
  volume={19},
  number={2},
  pages={111--131},
  year={2009},
  publisher={Wiley Online Library}
}

@inproceedings{grun2009impact,
  title={The impact of equivalent mutants},
  author={Gr{\"u}n, Bernhard JM and Schuler, David and Zeller, Andreas},
  booktitle={2009 International Conference on Software Testing, Verification, and Validation Workshops},
  pages={192--199},
  year={2009},
  organization={IEEE}
}

@article{jia2009higher,
  title={Higher order mutation testing},
  author={Jia, Yue and Harman, Mark},
  journal={Information and Software Technology},
  volume={51},
  number={10},
  pages={1379--1393},
  year={2009},
  publisher={Elsevier}
}

@inproceedings{kaminski2009using,
  title={Using a fault hierarchy to improve the efficiency of DNF logic mutation testing},
  author={Kaminski, Garrett Kent and Ammann, Paul},
  booktitle={2009 International Conference on Software Testing Verification and Validation},
  pages={386--395},
  year={2009},
  organization={IEEE}
}

@inproceedings{schuler2009javalanche,
  title={Javalanche: efficient mutation testing for Java},
  author={Schuler, David and Zeller, Andreas},
  booktitle={Proceedings of the the 7th joint meeting of the European software engineering conference and the ACM SIGSOFT symposium on The foundations of software engineering},
  pages={297--298},
  year={2009},
  organization={ACM}
}

@inproceedings{schuler2009efficient,
  title={Efficient mutation testing by checking invariant violations},
  author={Schuler, David and Dallmeier, Valentin and Zeller, Andreas},
  booktitle={Proceedings of the eighteenth international symposium on Software testing and analysis},
  pages={69--80},
  year={2009},
  organization={ACM}
}

@inproceedings{zhang2010operator,
  title={Is operator-based mutant selection superior to random mutant selection?},
  author={Zhang, Lu and Hou, Shan-Shan and Hu, Jun-Jue and Xie, Tao and Mei, Hong},
  booktitle={Proceedings of the 32nd ACM/IEEE International Conference on Software Engineering-Volume 1},
  pages={435--444},
  year={2010},
  organization={ACM}
}

@inproceedings{zhang2010test,
  title={Test generation via dynamic symbolic execution for mutation testing},
  author={Zhang, Lingming and Xie, Tao and Zhang, Lu and Tillmann, Nikolai and De Halleux, Jonathan and Mei, Hong},
  booktitle={2010 IEEE International Conference on Software Maintenance},
  pages={1--10},
  year={2010},
  organization={IEEE}
}

@inproceedings{schuler2010covering,
  title={(Un-) covering equivalent mutants},
  author={Schuler, David and Zeller, Andreas},
  booktitle={2010 Third International Conference on Software Testing, Verification and Validation},
  pages={45--54},
  year={2010},
  organization={IEEE}
}

@article{jia2010analysis,
  title={An analysis and survey of the development of mutation testing},
  author={Jia, Yue and Harman, Mark},
  journal={IEEE transactions on software engineering},
  volume={37},
  number={5},
  pages={649--678},
  year={2010},
  publisher={IEEE}
}

@article{madeyski2010judy,
  title={Judy--a mutation testing tool for Java},
  author={Madeyski, Lech and Radyk, Norbert},
  journal={IET software},
  volume={4},
  number={1},
  pages={32--42},
  year={2010},
  publisher={IET}
}

@inproceedings{papadakis2010towards,
  title={Towards automating the generation of mutation tests},
  author={Papadakis, Mike and Malevris, Nicos and Kallia, Maria},
  booktitle={Proceedings of the 5th Workshop on Automation of Software Test},
  pages={111--118},
  year={2010},
  organization={ACM}
}

@inproceedings{harman2010manifesto,
  title={A manifesto for higher order mutation testing},
  author={Harman, Mark and Jia, Yue and Langdon, William B},
  booktitle={2010 Third International Conference on Software Testing, Verification, and Validation Workshops},
  pages={80--89},
  year={2010},
  organization={IEEE}
}

@inproceedings{papadakis2010mutation,
  title={Mutation Testing Strategies-A Collateral Approach.},
  author={Papadakis, Mike and Malevris, Nicos and Kintis, Marinos},
  booktitle={ICSOFT (2)},
  pages={325--328},
  year={2010}
}

@inproceedings{papadakis2010empirical,
  title={An empirical evaluation of the first and second order mutation testing strategies},
  author={Papadakis, Mike and Malevris, Nicos},
  booktitle={2010 Third International Conference on Software Testing, Verification, and Validation Workshops},
  pages={90--99},
  year={2010},
  organization={IEEE}
}

@inproceedings{kintis2010evaluating,
  title={Evaluating mutation testing alternatives: A collateral experiment},
  author={Kintis, Marinos and Papadakis, Mike and Malevris, Nicos},
  booktitle={2010 Asia Pacific Software Engineering Conference},
  pages={300--309},
  year={2010},
  organization={IEEE}
}

@inproceedings{papadakis2010automatic,
  title={Automatic mutation test case generation via dynamic symbolic execution},
  author={Papadakis, Mike and Malevris, Nicos},
  booktitle={2010 IEEE 21st International Symposium on Software Reliability Engineering},
  pages={121--130},
  year={2010},
  organization={IEEE}
}

@inproceedings{harman2011strong,
  title={Strong higher order mutation-based test data generation},
  author={Harman, Mark and Jia, Yue and Langdon, William B},
  booktitle={Proceedings of the 19th ACM SIGSOFT symposium and the 13th European conference on Foundations of software engineering},
  pages={212--222},
  year={2011},
  organization={ACM}
}

@inproceedings{mateo2010mutation,
  title={Mutation at system and functional levels},
  author={Mateo, Pedro Reales and Usaola, Macario Polo and Offutt, Jeff},
  booktitle={2010 Third International Conference on Software Testing, Verification, and Validation Workshops},
  pages={110--119},
  year={2010},
  organization={IEEE}
}

@article{fraser2011mutation,
  title={Mutation-driven generation of unit tests and oracles},
  author={Fraser, Gordon and Zeller, Andreas},
  journal={IEEE Transactions on Software Engineering},
  volume={38},
  number={2},
  pages={278--292},
  year={2011},
  publisher={IEEE}
}

@INPROCEEDINGS{CChekam:17,  author={T. T. {Chekam} and M. {Papadakis} and Y. {Le Traon} and M. {Harman}},  booktitle={2017 IEEE/ACM 39th International Conference on Software Engineering (ICSE)},  title={An Empirical Study on Mutation, Statement and Branch Coverage Fault Revelation That Avoids the Unreliable Clean Program Assumption},   year={2017},  volume={},  number={},  pages={597-608},}

@INPROCEEDINGS{Pastore:ISSRE:08,  author={L. {Mariani} and F. {Pastore}},  booktitle={2008 19th International Symposium on Software Reliability Engineering (ISSRE)},  title={Automated Identification of Failure Causes in System Logs},   year={2008},  volume={},  number={},  pages={117-126},}

@INPROCEEDINGS{Pastore:TKT:17, author={F. {Pastore} and D. {Micucci} and L. {Mariani}}, booktitle={2017 IEEE International Conference on Software Testing, Verification and Validation (ICST)}, title={Timed k-Tail: Automatic Inference of Timed Automata}, year={2017}, volume={}, number={}, pages={401-411},} 

@ARTICLE{Barr:Oracles:15,  
author={E. T. {Barr} and M. {Harman} and P. {McMinn} and M. {Shahbaz} and S. {Yoo}},  
journal={IEEE Transactions on Software Engineering},  title={The Oracle Problem in Software Testing: A Survey},   
year={2015},  volume={41},  number={5},  pages={507-525},}

@inproceedings{riener2011test,
  title={Test case generation from mutants using model checking techniques},
  author={Riener, Heinz and Bloem, Roderick and Fey, G{\"o}rschwin},
  booktitle={2011 IEEE Fourth International Conference on Software Testing, Verification and Validation Workshops},
  pages={388--397},
  year={2011},
  organization={IEEE}
}


@inproceedings{Xie:2006,
	Address = {Berlin, Heidelberg},
	Author = {Xie, Tao},
	Booktitle = {ECOOP 2006 --Object-Oriented Programming},
	Date-Added = {2020-04-07 13:49:17 +0000},
	Date-Modified = {2020-04-07 13:49:17 +0000},
	Editor = {Thomas, Dave},
	Id = {10.1007/11785477{\_}23},
	Isbn = {978-3-540-35727-8},
	Pages = {380--403},
	Publisher = {Springer Berlin Heidelberg},
	Title = {Augmenting Automatically Generated Unit-Test Suites with Regression Oracle Checking},
	Ty = {CONF},
	Year = {2006}}


@inproceedings{PachecoLEB2007,
   author = {Carlos Pacheco and Shuvendu K. Lahiri and Michael D. Ernst
	and Thomas Ball},
   title = {Feedback-directed random test generation},
   booktitle = {ICSE 2007, Proceedings of the 29th International
	Conference on Software Engineering},
   pages = {75--84},
   address = {Minneapolis, MN, USA},
   month = may,
   year = {2007}
}

@inproceedings{Taneja:2008,
author = {Taneja, K. and Tao Xie},
title = {DiffGen: Automated Regression Unit-Test Generation},
year = {2008},
isbn = {9781424421879},
publisher = {IEEE Computer Society},
address = {USA},
url = {https://doi.org/10.1109/ASE.2008.60},
doi = {10.1109/ASE.2008.60},
booktitle = {Proceedings of the 2008 23rd IEEE/ACM International Conference on Automated Software Engineering},
pages = {407?410},
numpages = {4},
keywords = {software development, software program maintenance, DiffGen automated regression unit-test generation, Java program checking, coverage-based test generation tool},
series = {ASE ?08}
}
  


@article{papadakis2011automatically,
  title={Automatically performing weak mutation with the aid of symbolic execution, concolic testing and search-based testing},
  author={Papadakis, Mike and Malevris, Nicos},
  journal={Software Quality Journal},
  volume={19},
  number={4},
  pages={691},
  year={2011},
  publisher={Springer}
}

@inproceedings{derezinska2011object,
  title={Object-oriented mutation applied in Common Intermediate Language programs originated from C},
  author={Derezinska, Anna and Kowalski, Karol},
  booktitle={2011 IEEE Fourth International Conference on Software Testing, Verification and Validation Workshops},
  pages={342--350},
  year={2011},
  organization={IEEE}
}

@article{baker2012empirical,
  title={An empirical evaluation of mutation testing for improving the test quality of safety-critical software},
  author={Baker, Richard and Habli, Ibrahim},
  journal={IEEE Transactions on Software Engineering},
  volume={39},
  number={6},
  pages={787--805},
  year={2012},
  publisher={IEEE}
}

@inproceedings{becker2012xemu,
  title={XEMU: an efficient QEMU based binary mutation testing framework for embedded software},
  author={Becker, Markus and Baldin, Daniel and Kuznik, Christoph and Joy, Mabel Mary and Xie, Tao and Mueller, Wolfgang},
  booktitle={Proceedings of the tenth ACM international conference on Embedded software},
  pages={33--42},
  year={2012}
}

@inproceedings{usaola2012reduction,
  title={Reduction of test suites using mutation},
  author={Usaola, Macario Polo and Mateo, Pedro Reales and Lamancha, Beatriz P{\'e}rez},
  booktitle={International Conference on Fundamental Approaches to Software Engineering},
  pages={425--438},
  year={2012},
  organization={Springer}
}

@article{godefroid2012sage,
  title={SAGE: whitebox fuzzing for security testing},
  author={Godefroid, Patrice and Levin, Michael Y and Molnar, David},
  journal={Communications of the ACM},
  volume={55},
  number={3},
  pages={40--44},
  year={2012},
  publisher={Citeseer}
}

@inproceedings{binh2012mutation,
  title={Mutation operators for Simulink models},
  author={Binh, Nguyen Thanh and others},
  booktitle={2012 Fourth International Conference on Knowledge and Systems Engineering},
  pages={54--59},
  year={2012},
  organization={IEEE}
}

@article{nica2012using,
  title={Using constraints for equivalent mutant detection},
  author={Nica, Simona and Wotawa, Franz},
  journal={arXiv preprint arXiv:1207.2234},
  year={2012}
}

@article{mateo2012validating,
  title={Validating second-order mutation at system level},
  author={Mateo, Pedro Reales and Usaola, Macario Polo and Aleman, Jose Luis Fernandez},
  journal={IEEE Transactions on Software Engineering},
  volume={39},
  number={4},
  pages={570--587},
  year={2012},
  publisher={IEEE}
}

@inproceedings{kintis2012isolating,
  title={Isolating first order equivalent mutants via second order mutation},
  author={Kintis, Marinos and Papadakis, Mike and Malevris, Nicos},
  booktitle={2012 IEEE Fifth International Conference on Software Testing, Verification and Validation},
  pages={701--710},
  year={2012},
  organization={IEEE}
}

@inproceedings{just2012using,
  title={Using non-redundant mutation operators and test suite prioritization to achieve efficient and scalable mutation analysis},
  author={Just, Ren{\'e} and Kapfhammer, Gregory M and Schweiggert, Franz},
  booktitle={2012 IEEE 23rd International Symposium on Software Reliability Engineering},
  pages={11--20},
  year={2012},
  organization={IEEE}
}

@INPROCEEDINGS{Staats2012,
author={M. {Staats} and G. {Gay} and M. P. E. {Heimdahl}},
booktitle={2012 34th International Conference on Software Engineering (ICSE)},
title={Automated oracle creation support, or: How I learned to stop worrying about fault propagation and love mutation testing},
year={2012},
volume={},
number={},
pages={870-880},
keywords={fault diagnosis;program testing;automated oracle creation support;fault propagation;love mutation testing;testing process;oracle data selection;mutation analysis;rank variables;fault-finding effectiveness;Testing;Training;Monitoring;Aerospace electronics;Greedy algorithms;Software systems;testing;test oracles;oracle data;oracle selection;verification},
doi={10.1109/ICSE.2012.6227132},
ISSN={0270-5257},
month={June},}

@incollection{OLIVEIRA:Oracles:2014,
title = "Chapter Three - Automated Test Oracles: State of the Art, Taxonomies, and Trends",
editor = "Atif Memon",
series = "Advances in Computers",
publisher = "Elsevier",
volume = "95",
pages = "113 - 199",
year = "2014",
issn = "0065-2458",
doi = "https://doi.org/10.1016/B978-0-12-800160-8.00003-6",
url = "http://www.sciencedirect.com/science/article/pii/B9780128001608000036",
author = "Rafael A.P. Oliveira and Upulee Kanewala and Paulo A. Nardi",
}

@inproceedings{just2012redundant,
  title={Do redundant mutants affect the effectiveness and efficiency of mutation analysis?},
  author={Just, Ren{\'e} and Kapfhammer, Gregory M and Schweiggert, Franz},
  booktitle={2012 IEEE Fifth International Conference on Software Testing, Verification and Validation},
  pages={720--725},
  year={2012},
  organization={IEEE}
}

@article{papadakis2012mutation,
  title={Mutation based test case generation via a path selection strategy},
  author={Papadakis, Mike and Malevris, Nicos},
  journal={Information and Software Technology},
  volume={54},
  number={9},
  pages={915--932},
  year={2012},
  publisher={Elsevier}
}

@inproceedings{dan2012semantic,
  title={Semantic mutation analysis of floating-point comparison},
  author={Dan, Haitao and Hierons, Robert M},
  booktitle={2012 IEEE Fifth International Conference on Software Testing, Verification and Validation},
  pages={290--299},
  year={2012},
  organization={IEEE}
}

@inproceedings{wright2013efficient,
  title={Efficient mutation analysis of relational database structure using mutant schemata and parallelisation},
  author={Wright, Chris J and Kapfhammer, Gregory M and McMinn, Phil},
  booktitle={2013 IEEE Sixth International Conference on Software Testing, Verification and Validation Workshops},
  pages={63--72},
  year={2013},
  organization={IEEE}
}

@inproceedings{patrick2013using,
  title={Using mutation analysis to evolve subdomains for random testing},
  author={Patrick, Matthew and Alexander, Rob and Oriol, Manuel and Clark, John A},
  booktitle={2013 IEEE Sixth International Conference on Software Testing, Verification and Validation Workshops},
  pages={53--62},
  year={2013},
  organization={IEEE}
}

@inproceedings{zhang2013faster,
  title={Faster mutation testing inspired by test prioritization and reduction},
  author={Zhang, Lingming and Marinov, Darko and Khurshid, Sarfraz},
  booktitle={Proceedings of the 2013 International Symposium on Software Testing and Analysis},
  pages={235--245},
  year={2013}
}

@article{clark2013semantic,
  title={Semantic mutation testing},
  author={Clark, John A and Dan, Haitao and Hierons, Robert M},
  journal={Science of Computer Programming},
  volume={78},
  number={4},
  pages={345--363},
  year={2013},
  publisher={Elsevier}
}

@article{kaminski2013improving,
  title={Improving logic-based testing},
  author={Kaminski, Gary and Ammann, Paul and Offutt, Jeff},
  journal={Journal of Systems and Software},
  volume={86},
  number={8},
  pages={2002--2012},
  year={2013},
  publisher={Elsevier}
}

@inproceedings{bounimova2013billions,
  title={Billions and billions of constraints: Whitebox fuzz testing in production},
  author={Bounimova, Ella and Godefroid, Patrice and Molnar, David},
  booktitle={Proceedings of the 2013 International Conference on Software Engineering},
  pages={122--131},
  year={2013},
  organization={IEEE Press}
}

@article{madeyski2013overcoming,
  title={Overcoming the equivalent mutant problem: A systematic literature review and a comparative experiment of second order mutation},
  author={Madeyski, Lech and Orzeszyna, Wojciech and Torkar, Richard and Jozala, Mariusz},
  journal={IEEE Transactions on Software Engineering},
  volume={40},
  number={1},
  pages={23--42},
  year={2013},
  publisher={IEEE}
}

@inproceedings{jamrozik2013generating,
  title={Generating test suites with augmented dynamic symbolic execution},
  author={Jamrozik, Konrad and Fraser, Gordon and Tillman, Nikolai and De Halleux, Jonathan},
  booktitle={International Conference on Tests and Proofs},
  pages={152--167},
  year={2013},
  organization={Springer}
}

@inproceedings{kintis2013identifying,
  title={Identifying more equivalent mutants via code similarity},
  author={Kintis, Marinos and Malevris, Nicos},
  booktitle={2013 20th Asia-Pacific Software Engineering Conference (APSEC)},
  volume={1},
  pages={180--188},
  year={2013},
  organization={IEEE}
}

@article{schuler2013covering,
  title={Covering and uncovering equivalent mutants},
  author={Schuler, David and Zeller, Andreas},
  journal={Software Testing, Verification and Reliability},
  volume={23},
  number={5},
  pages={353--374},
  year={2013},
  publisher={Wiley Online Library}
}

@inproceedings{zhang2013operator,
  title={Operator-based and random mutant selection: Better together},
  author={Zhang, Lingming and Gligoric, Milos and Marinov, Darko and Khurshid, Sarfraz},
  booktitle={Proceedings of the 28th IEEE/ACM International Conference on Automated Software Engineering},
  pages={92--102},
  year={2013},
  organization={IEEE Press}
}

@inproceedings{deng2013empirical,
  title={Empirical evaluation of the statement deletion mutation operator},
  author={Deng, Lin and Offutt, Jeff and Li, Nan},
  booktitle={2013 IEEE Sixth International Conference on Software Testing, Verification and Validation},
  pages={84--93},
  year={2013},
  organization={IEEE}
}

@inproceedings{pretschner2013generic,
  title={A generic fault model for quality assurance},
  author={Pretschner, Alexander and Holling, Dominik and Eschbach, Robert and Gemmar, Matthias},
  booktitle={International Conference on Model Driven Engineering Languages and Systems},
  pages={87--103},
  year={2013},
  organization={Springer}
}

@inproceedings{papadakis2014sampling,
  title={Sampling program inputs with mutation analysis: Going beyond combinatorial interaction testing},
  author={Papadakis, Mike and Henard, Christopher and Le Traon, Yves},
  booktitle={2014 IEEE Seventh International Conference on Software Testing, Verification and Validation},
  pages={1--10},
  year={2014},
  organization={IEEE}
}

@inproceedings{delamaro2014experimental,
  title={Experimental evaluation of SDL and one-op mutation for C},
  author={Delamaro, Marcio Eduardo and Deng, Lin and Durelli, Vinicius Humberto Serapilha and Li, Nan and Offutt, Jeff},
  booktitle={2014 IEEE Seventh International Conference on Software Testing, Verification and Validation},
  pages={203--212},
  year={2014},
  organization={IEEE}
}

@inproceedings{shi2014balancing,
  title={Balancing trade-offs in test-suite reduction},
  author={Shi, August and Gyori, Alex and Gligoric, Milos and Zaytsev, Andrey and Marinov, Darko},
  booktitle={Proceedings of the 22nd ACM SIGSOFT International Symposium on Foundations of Software Engineering},
  pages={246--256},
  year={2014}
}

@inproceedings{gopinath2014mutations,
  title={Mutations: How close are they to real faults?},
  author={Gopinath, Rahul and Jensen, Carlos and Groce, Alex},
  booktitle={2014 IEEE 25th International Symposium on Software Reliability Engineering},
  pages={189--200},
  year={2014},
  organization={IEEE}
}

@inproceedings{just2014mutants,
  title={Are mutants a valid substitute for real faults in software testing?},
  author={Just, Ren{\'e} and Jalali, Darioush and Inozemtseva, Laura and Ernst, Michael D and Holmes, Reid and Fraser, Gordon},
  booktitle={Proceedings of the 22nd ACM SIGSOFT International Symposium on Foundations of Software Engineering},
  pages={654--665},
  year={2014},
  organization={ACM}
}

@inproceedings{kintis2014using,
  title={Using data flow patterns for equivalent mutant detection},
  author={Kintis, Marinos and Malevris, Nicos},
  booktitle={2014 IEEE Seventh International Conference on Software Testing, Verification and Validation Workshops},
  pages={196--205},
  year={2014},
  organization={IEEE}
}

@inproceedings{delamaro2014designing,
  title={Designing deletion mutation operators},
  author={Delamaro, Marcio Eduardo and Offutt, Jeff and Ammann, Paul},
  booktitle={2014 IEEE Seventh International Conference on Software Testing, Verification and Validation},
  pages={11--20},
  year={2014},
  organization={IEEE}
}

@article{papadakis2014mitigating,
  title={Mitigating the effects of equivalent mutants with mutant classification strategies},
  author={Papadakis, Mike and Delamaro, Marcio and Le Traon, Yves},
  journal={Science of Computer Programming},
  volume={95},
  pages={298--319},
  year={2014},
  publisher={Elsevier}
}

@inproceedings{just2014major,
  title={The Major mutation framework: Efficient and scalable mutation analysis for Java},
  author={Just, Ren{\'e}},
  booktitle={Proceedings of the 2014 International Symposium on Software Testing and Analysis},
  pages={433--436},
  year={2014},
  organization={ACM}
}

@inproceedings{yao2014study,
  title={A study of equivalent and stubborn mutation operators using human analysis of equivalence},
  author={Yao, Xiangjuan and Harman, Mark and Jia, Yue},
  booktitle={Proceedings of the 36th International Conference on Software Engineering},
  pages={919--930},
  year={2014},
  organization={ACM}
}

@inproceedings{souza2014test,
  title={Test Data Generation Techniques for Mutation Testing: A Systematic Mapping.},
  author={Souza, Francisco Carlos M and Papadakis, Mike and Durelli, Vinicius HS and Delamaro, Marcio Eduardo},
  booktitle={CIbSE},
  pages={419--432},
  year={2014}
}

@inproceedings{groce2015verified,
  title={How verified is my code? falsification-driven verification (t)},
  author={Groce, Alex and Ahmed, Iftekhar and Jensen, Carlos and McKenney, Paul E},
  booktitle={2015 30th IEEE/ACM International Conference on Automated Software Engineering (ASE)},
  pages={737--748},
  year={2015},
  organization={IEEE}
}

@inproceedings{pankumhang2015iterative,
  title={Iterative instrumentation for code coverage in time-sensitive systems},
  author={Pankumhang, Tosapon and Rutherford, Matthew},
  booktitle={2015 IEEE 8th International Conference on Software Testing, Verification and Validation (ICST)},
  pages={1--10},
  year={2015},
  organization={IEEE}
}

@article{galeotti2015inferring,
  title={Inferring loop invariants by mutation, dynamic analysis, and static checking},
  author={Galeotti, Juan P and Furia, Carlo A and May, Eva and Fraser, Gordon and Zeller, Andreas},
  journal={IEEE Transactions on Software Engineering},
  volume={41},
  number={10},
  pages={1019--1037},
  year={2015},
  publisher={IEEE}
}

@inproceedings{patrick2015kernel,
  title={Kernel density adaptive random testing},
  author={Patrick, Matthew and Jia, Yue},
  booktitle={2015 IEEE Eighth International Conference on Software Testing, Verification and Validation Workshops (ICSTW)},
  pages={1--10},
  year={2015},
  organization={IEEE}
}

@article{papadakis2015metallaxis,
  title={Metallaxis-FL: mutation-based fault localization},
  author={Papadakis, Mike and Le Traon, Yves},
  journal={Software Testing, Verification and Reliability},
  volume={25},
  number={5-7},
  pages={605--628},
  year={2015},
  publisher={Wiley Online Library}
}

@article{fraser2015achieving,
  title={Achieving scalable mutation-based generation of whole test suites},
  author={Fraser, Gordon and Arcuri, Andrea},
  journal={Empirical Software Engineering},
  volume={20},
  number={3},
  pages={783--812},
  year={2015},
  publisher={Springer}
}

@inproceedings{gopinath2015hard,
  title={How hard does mutation analysis have to be, anyway?},
  author={Gopinath, Rahul and Alipour, Amin and Ahmed, Iftekhar and Jensen, Carlos and Groce, Alex},
  booktitle={2015 IEEE 26th International Symposium on Software Reliability Engineering (ISSRE)},
  pages={216--227},
  year={2015},
  organization={IEEE}
}

@article{kintis2015medic,
  title={MEDIC: A static analysis framework for equivalent mutant identification},
  author={Kintis, Marinos and Malevris, Nicos},
  journal={Information and Software Technology},
  volume={68},
  pages={1--17},
  year={2015},
  publisher={Elsevier}
}

@article{just2015higher,
  title={Higher accuracy and lower run time: efficient mutation analysis using non-redundant mutation operators},
  author={Just, Ren{\'e} and Schweiggert, Franz},
  journal={Software Testing, Verification and Reliability},
  volume={25},
  number={5-7},
  pages={490--507},
  year={2015},
  publisher={Wiley Online Library}
}

@inproceedings{di2015evolutionary,
  title={Evolutionary Robustness Testing of Data Processing Systems Using Models and Data Mutation (T)},
  author={Di Nardo, Daniel and Pastore, Fabrizio and Arcuri, Andrea and Briand, Lionel},
  booktitle={2015 30th IEEE/ACM International Conference on Automated Software Engineering (ASE)},
  pages={126--137},
  year={2015},
  organization={IEEE}
}

@article{kintis2015employing,
  title={Employing second-order mutation for isolating first-order equivalent mutants},
  author={Kintis, Marinos and Papadakis, Mike and Malevris, Nicos},
  journal={Software Testing, Verification and Reliability},
  volume={25},
  number={5-7},
  pages={508--535},
  year={2015},
  publisher={Wiley Online Library}
}

@misc{pretschner2015defect,
  title={Defect-Based Testing.},
  author={Pretschner, Alexander},
  year={2015}
}

@inproceedings{kurtz2015static,
  title={Static analysis of mutant subsumption},
  author={Kurtz, Bob and Ammann, Paul and Offutt, Jeff},
  booktitle={2015 IEEE Eighth International Conference on Software Testing, Verification and Validation Workshops (ICSTW)},
  pages={1--10},
  year={2015},
  organization={IEEE}
}

@inproceedings{di2015generating,
  title={Generating complex and faulty test data through model-based mutation analysis},
  author={Di Nardo, Daniel and Pastore, Fabrizio and Briand, Lionel},
  booktitle={2015 IEEE 8th International Conference on Software Testing, Verification and Validation (ICST)},
  pages={1--10},
  year={2015},
  organization={IEEE}
}

@article{namin2015muranker,
  title={MuRanker: a mutant ranking tool},
  author={Namin, Akbar Siami and Xue, Xiaozhen and Rosas, Omar and Sharma, Pankaj},
  journal={Software Testing, Verification and Reliability},
  volume={25},
  number={5-7},
  pages={572--604},
  year={2015},
  publisher={Wiley Online Library}
}

@inproceedings{papadakis2015trivial,
  title={Trivial compiler equivalence: A large scale empirical study of a simple, fast and effective equivalent mutant detection technique},
  author={Papadakis, Mike and Jia, Yue and Harman, Mark and Le Traon, Yves},
  booktitle={Proceedings of the 37th International Conference on Software Engineering-Volume 1},
  pages={936--946},
  year={2015},
  organization={IEEE Press}
}

@article{delgado2015class,
  title={Class mutation operators for C++ object-oriented systems},
  author={Delgado-P{\'e}rez, Pedro and Medina-Bulo, Inmaculada and Dom{\'\i}nguez-Jim{\'e}nez, Juan Jos{\'e} and Garc{\'\i}a-Dom{\'\i}nguez, Antonio and Palomo-Lozano, Francisco},
  journal={annals of telecommunications-annales des t{\'e}l{\'e}communications},
  volume={70},
  number={3-4},
  pages={137--148},
  year={2015},
  publisher={Springer}
}

@inproceedings{zhang2016isomorphic,
  title={Isomorphic regression testing: executing uncovered branches without test augmentation},
  author={Zhang, Jie and Lou, Yiling and Zhang, Lingming and Hao, Dan and Zhang, Lu and Mei, Hong},
  booktitle={Proceedings of the 2016 24th ACM SIGSOFT International Symposium on Foundations of Software Engineering},
  pages={883--894},
  year={2016}
}

@inproceedings{devroey2016featured,
  title={Featured model-based mutation analysis},
  author={Devroey, Xavier and Perrouin, Gilles and Papadakis, Mike and Legay, Axel and Schobbens, Pierre-Yves and Heymans, Patrick},
  booktitle={Proceedings of the 38th International Conference on Software Engineering},
  pages={655--666},
  year={2016}
}

@article{belli2016model,
  title={Model-based mutation testing—approach and case studies},
  author={Belli, Fevzi and Budnik, Christof J and Hollmann, Axel and Tuglular, Tugkan and Wong, W Eric},
  journal={Science of Computer Programming},
  volume={120},
  pages={25--48},
  year={2016},
  publisher={Elsevier}
}

@inproceedings{gopinath2016limits,
  title={On the limits of mutation reduction strategies},
  author={Gopinath, Rahul and Alipour, Mohammad Amin and Ahmed, Iftekhar and Jensen, Carlos and Groce, Alex},
  booktitle={Proceedings of the 38th international conference on software engineering},
  pages={511--522},
  year={2016}
}

@inproceedings{hariri2016evaluating,
  title={Evaluating the effects of compiler optimizations on mutation testing at the compiler IR level},
  author={Hariri, Farah and Shi, August and Converse, Hayes and Khurshid, Sarfraz and Marinov, Darko},
  booktitle={2016 IEEE 27th International Symposium on Software Reliability Engineering (ISSRE)},
  pages={105--115},
  year={2016},
  organization={IEEE}
}

@book{ammann2016introduction,
  title={Introduction to software testing},
  author={Ammann, Paul and Offutt, Jeff},
  year={2016},
  publisher={Cambridge University Press}
}

@article{natella2016assessing,
  title={Assessing dependability with software fault injection: A survey},
  author={Natella, Roberto and Cotroneo, Domenico and Madeira, Henrique S},
  journal={ACM Computing Surveys (CSUR)},
  volume={48},
  number={3},
  pages={44},
  year={2016},
  publisher={ACM}
}

@inproceedings{tokumoto2016muvm,
  title={MuVM: Higher order mutation analysis virtual machine for C},
  author={Tokumoto, Susumu and Yoshida, Hiroaki and Sakamoto, Kazunori and Honiden, Shinichi},
  booktitle={2016 IEEE International Conference on Software Testing, Verification and Validation (ICST)},
  pages={320--329},
  year={2016},
  organization={IEEE}
}

@phdthesis {holling2016defect,
  author = "Holling, Dominik",
  title = "Defect-based Quality Assurance with Defect Models",
  type = "Dissertation",
  school = "Technische Universität München",
  address = "München",
  year = {2016}
}

@inproceedings{holling2016failure,
  title={Failure Models for Testing Continuous Controllers},
  author={Holling, Dominik and Stanescu, Alvin and Beckers, Kristian and Pretschner, Alexander and Gemmar, Matthias},
  booktitle={2016 IEEE 27th International Symposium on Software Reliability Engineering (ISSRE)},
  pages={365--375},
  year={2016},
  organization={IEEE}
}

@inproceedings{papadakis2016threats,
  title={Threats to the validity of mutation-based test assessment},
  author={Papadakis, Mike and Henard, Christopher and Harman, Mark and Jia, Yue and Le Traon, Yves},
  booktitle={Proceedings of the 25th International Symposium on Software Testing and Analysis},
  pages={354--365},
  year={2016},
  organization={ACM}
}

@inproceedings{grechanik2016mutation,
  title={Mutation integration testing},
  author={Grechanik, Mark and Devanla, Gurudev},
  booktitle={2016 IEEE International Conference on Software Quality, Reliability and Security (QRS)},
  pages={353--364},
  year={2016},
  organization={IEEE}
}

@inproceedings{holling2016nequivack,
  title={Nequivack: Assessing mutation score confidence},
  author={Holling, Dominik and Banescu, Sebastian and Probst, Marco and Petrovska, Ana and Pretschner, Alexander},
  booktitle={2016 IEEE Ninth International Conference on Software Testing, Verification and Validation Workshops (ICSTW)},
  pages={152--161},
  year={2016},
  organization={IEEE}
}

@inproceedings{bowes2016mutation,
  title={Mutation-aware fault prediction},
  author={Bowes, David and Hall, Tracy and Harman, Mark and Jia, Yue and Sarro, Federica and Wu, Fan},
  booktitle={Proceedings of the 25th International Symposium on Software Testing and Analysis},
  pages={330--341},
  year={2016},
  organization={ACM}
}

@article{gutmann2016fuzzing,
  title={Fuzzing Code with AFL},
  author={Gutmann, Peter},
  journal={; login:},
  volume={41},
  number={2},
  year={2016}
}

@inproceedings{pham2016model,
  title={Model-based whitebox fuzzing for program binaries},
  author={Pham, Van-Thuan and B{\"o}hme, Marcel and Roychoudhury, Abhik},
  booktitle={2016 31st IEEE/ACM International Conference on Automated Software Engineering (ASE)},
  pages={543--553},
  year={2016},
  organization={IEEE}
}

@article{di2017augmenting,
  title={Augmenting field data for testing systems subject to incremental requirements changes},
  author={Di Nardo, Daniel and Pastore, Fabrizio and Briand, Lionel},
  journal={ACM Transactions on Software Engineering and Methodology (TOSEM)},
  volume={26},
  number={1},
  pages={1--40},
  year={2017},
  publisher={ACM New York, NY, USA}
}

@inproceedings{brown2017care,
  title={The care and feeding of wild-caught mutants},
  author={Brown, David Bingham and Vaughn, Michael and Liblit, Ben and Reps, Thomas},
  booktitle={Proceedings of the 2017 11th Joint Meeting on Foundations of Software Engineering},
  pages={511--522},
  year={2017},
  organization={ACM}
}

@INPROCEEDINGS{8411732, author={F. {Lorber} and K. G. {Larsen} and B. {Nielsen}}, booktitle={2018 IEEE International Conference on Software Testing, Verification and Validation Workshops (ICSTW)}, title={Model-Based Mutation Testing of Real-Time Systems via Model Checking}, year={2018}, volume={}, number={}, pages={59-68},}

@article{kintis2017detecting,
  title={Detecting trivial mutant equivalences via compiler optimisations},
  author={Kintis, Marinos and Papadakis, Mike and Jia, Yue and Malevris, Nicos and Le Traon, Yves and Harman, Mark},
  journal={IEEE Transactions on Software Engineering},
  volume={44},
  number={4},
  pages={308--333},
  year={2017},
  publisher={IEEE}
}

@article{delgado2017assessment,
  title={Assessment of C++ object-oriented mutation operators: A selective mutation approach},
  author={Delgado-P{\'e}rez, Pedro and Segura, Sergio and Medina-Bulo, Inmaculada},
  journal={Software Testing, Verification and Reliability},
  volume={27},
  number={4-5},
  pages={e1630},
  year={2017},
  publisher={Wiley Online Library}
}

@inproceedings{wang2017faster,
  title={Faster mutation analysis via equivalence modulo states},
  author={Wang, Bo and Xiong, Yingfei and Shi, Yangqingwei and Zhang, Lu and Hao, Dan},
  booktitle={Proceedings of the 26th ACM SIGSOFT International Symposium on Software Testing and Analysis},
  pages={295--306},
  year={2017},
  organization={ACM}
}

@article{wu2017memory,
  title={Memory mutation testing},
  author={Wu, Fan and Nanavati, Jay and Harman, Mark and Jia, Yue and Krinke, Jens},
  journal={Information and Software Technology},
  volume={81},
  pages={97--111},
  year={2017},
  publisher={Elsevier}
}

@article{ghiduk2017higher,
  title={Higher order mutation testing: a systematic literature review},
  author={Ghiduk, Ahmed S and Girgis, Moheb R and Shehata, Marwa H},
  journal={Computer Science Review},
  volume={25},
  pages={29--48},
  year={2017},
  publisher={Elsevier}
}

@inproceedings{chekam2017empirical,
  title={An empirical study on mutation, statement and branch coverage fault revelation that avoids the unreliable clean program assumption},
  author={Chekam, Thierry Titcheu and Papadakis, Mike and Le Traon, Yves and Harman, Mark},
  booktitle={2017 IEEE/ACM 39th International Conference on Software Engineering (ICSE)},
  pages={597--608},
  year={2017},
  organization={IEEE}
}

@inproceedings{durelli2017deletion,
  title={Are deletion mutants easier to identify manually?},
  author={Durelli, Vinicius HS and De Souza, Nilton M and Delamaro, Marcio E},
  booktitle={2017 IEEE International Conference on Software Testing, Verification and Validation Workshops (ICSTW)},
  pages={149--158},
  year={2017},
  organization={IEEE}
}

@article{shin2017theoretical,
  title={A theoretical and empirical study of diversity-aware mutation adequacy criterion},
  author={Shin, Donghwan and Yoo, Shin and Bae, Doo-Hwan},
  journal={IEEE Transactions on Software Engineering},
  volume={44},
  number={10},
  pages={914--931},
  year={2017},
  publisher={IEEE}
}

@article{delgado2018evaluation,
  title={Evaluation of Mutation Testing in a Nuclear Industry Case Study},
  author={Delgado-P{\'e}rez, Pedro and Habli, Ibrahim and Gregory, Steve and Alexander, Rob and Clark, John and Medina-Bulo, Inmaculada},
  journal={IEEE Transactions on Reliability},
  volume={67},
  number={4},
  pages={1406--1419},
  year={2018},
  publisher={IEEE}
}


@article{zhang2018predictive,
  title={Predictive mutation testing},
  author={Zhang, Jie and Zhang, Lingming and Harman, Mark and Hao, Dan and Jia, Yue and Zhang, Lu},
  journal={IEEE Transactions on Software Engineering},
  volume={45},
  number={9},
  pages={898--918},
  year={2018},
  publisher={IEEE}
}

@inproceedings{hariri2018srciror,
  title={SRCIROR: a toolset for mutation testing of C source code and LLVM intermediate representation.},
  author={Hariri, Farah and Shi, August},
  booktitle={ASE},
  pages={860--863},
  year={2018}
}

@inproceedings{papadakis2018mutation,
  title={Are mutation scores correlated with real fault detection? a large scale empirical study on the relationship between mutants and real faults},
  author={Papadakis, Mike and Shin, Donghwan and Yoo, Shin and Bae, Doo-Hwan},
  booktitle={2018 IEEE/ACM 40th International Conference on Software Engineering (ICSE)},
  pages={537--548},
  year={2018},
  organization={IEEE}
}

@Article{kintis2018effective,
author="Kintis, Marinos
and Papadakis, Mike
and Papadopoulos, Andreas
and Valvis, Evangelos
and Malevris, Nicos
and Le Traon, Yves",
title="How effective are mutation testing tools? An empirical analysis of Java mutation testing tools with manual analysis and real faults",
journal="Empirical Software Engineering",
year="2018",
month="Aug",
day="01",
volume="23",
number="4",
pages="2426--2463",
issn="1573-7616",
doi="10.1007/s10664-017-9582-5",
url="https://doi.org/10.1007/s10664-017-9582-5"
}

@inproceedings{ferrari2018systematic,
  title={A Systematic Review of Cost Reduction Techniques for Mutation Testing: Preliminary Results},
  author={Ferrari, Fabiano Cutigi and Pizzoleto, Alessandro Viola and Offutt, Jeff},
  booktitle={2018 IEEE International Conference on Software Testing, Verification and Validation Workshops (ICSTW)},
  pages={1--10},
  year={2018},
  organization={IEEE}
}

@inproceedings{denisov2018mull,
  title={Mull it over: mutation testing based on LLVM},
  author={Denisov, Alex and Pankevich, Stanislav},
  booktitle={2018 IEEE International Conference on Software Testing, Verification and Validation Workshops (ICSTW)},
  pages={25--31},
  year={2018},
  organization={IEEE}
}

@inproceedings{papadakis2018mutant,
  title={Mutant quality indicators},
  author={Papadakis, Mike and Chekam, Thierry Titcheu and Le Traon, Yves},
  booktitle={2018 IEEE International Conference on Software Testing, Verification and Validation Workshops (ICSTW)},
  pages={32--39},
  year={2018},
  organization={IEEE}
}

@inproceedings{phan2018music,
  title={MUSIC: Mutation Analysis Tool with High Configurability and Extensibility},
  author={Phan, Duy Loc and Kim, Yunho and Kim, Moonzoo},
  booktitle={2018 IEEE International Conference on Software Testing, Verification and Validation Workshops (ICSTW)},
  pages={40--46},
  year={2018},
  organization={IEEE}
}

@inproceedings{hariri2019comparing,
  title={Comparing Mutation Testing at the Levels of Source Code and Compiler Intermediate Representation},
  author={Hariri, Farah and Shi, August and Fernando, Vimuth and Mahmood, Suleman and Marinov, Darko},
  booktitle={2019 12th IEEE Conference on Software Testing, Validation and Verification (ICST)},
  pages={114--124},
  year={2019},
  organization={IEEE}
}

@incollection{papadakis2019mutation,
  title={Mutation testing advances: an analysis and survey},
  author={Papadakis, Mike and Kintis, Marinos and Zhang, Jie and Jia, Yue and Le Traon, Yves and Harman, Mark},
  booktitle={Advances in Computers},
  volume={112},
  pages={275--378},
  year={2019},
  publisher={Elsevier}
}

@inproceedings{mathis2019parser,
  title={Parser-directed fuzzing},
  author={Mathis, Bj{\"o}rn and Gopinath, Rahul and Mera, Micha{\"e}l and Kampmann, Alexander and H{\"o}schele, Matthias and Zeller, Andreas},
  booktitle={Proceedings of the 40th ACM SIGPLAN Conference on Programming Language Design and Implementation},
  pages={548--560},
  year={2019},
  organization={ACM}
}

@INPROCEEDINGS{PastoreICSE2015,
author={F. {Pastore} and L. {Mariani}},
booktitle={2015 IEEE/ACM 37th IEEE International Conference on Software Engineering},
title={ZoomIn: Discovering Failures by Detecting Wrong Assertions},
year={2015},
volume={1},
number={},
pages={66-76},
keywords={program testing;software fault tolerance;ZoomIn;failure discovery;wrong assertion detection;automatic testing;synthesized assertions;fault-revealing capability;test case generation;Apache Commons Math library;EvoSuite;Manuals;Generators;Inspection;Data mining;Computer crashes;Encoding;Law;oracle problem;oracle generation;anomaly detection},
doi={10.1109/ICSE.2015.29},
ISSN={1558-1225},
month={May},}

@ARTICLE{Andrews06,
author={J. H. {Andrews} and L. C. {Briand} and Y. {Labiche} and A. S. {Namin}},
journal={IEEE Transactions on Software Engineering},
title={Using Mutation Analysis for Assessing and Comparing Testing Coverage Criteria},
year={2006},
volume={32},
number={8},
pages={608-624},
keywords={data flow analysis;design of experiments;probability;program control structures;program debugging;program testing;software fault tolerance;mutation analysis;software testing coverage criteria;empirical assessment;software fault detection probability;industrial program;program control criteria;program data flow criteria;mutation operators;program debugging;experimental design;Genetic mutations;Fault detection;Software testing;Size control;Failure analysis;Statistical analysis;System testing;Industrial control;Costs;Debugging;Testing and debugging;testing strategies;test coverage of code;experimental design.},
doi={10.1109/TSE.2006.83},
ISSN={2326-3881},
month={Aug},}

@ARTICLE{DeMillo78,
author={R. A. {DeMillo} and R. J. {Lipton} and F. G. {Sayward}},
journal={Computer},
title={Hints on Test Data Selection: Help for the Practicing Programmer},
year={1978},
volume={11},
number={4},
pages={34-41},
keywords={Programming profession;System testing;Error correction;Computer errors;Software reliability;Software debugging;Computer bugs;Process design;Error analysis},
doi={10.1109/C-M.1978.218136},
ISSN={1558-0814},
month={April},}

@misc{ecss40C,
  title={{ECSS-E-ST-40C ? Software general requirements.}},
  author={{European Cooperation for Space Standardization.}},
  year={2009},
  url={{http://ecss.nl/standard/ecss-e-st-40c-software-general-requirements/}}
}


@misc{ecss80C,
  title={{ECSS-Q-ST-80C Rev.1 ? Software product assurance.}},
  author={{European Cooperation for Space Standardization.}},
  year={2017},
  url={{http://ecss.nl/standard/ecss-q-st-80c-rev-1-software-product-assurance-15-february-2017/}}
}

@MISC{ISO26262,
author={{International Organization for Standardization}},
title={{ISO, ISO26262-1:2018, Road vehicles: Functional safety}},
url={https://www.iso.org/standard/68383.html}
}

@MISC{SOTIF,
author={{International Organization for Standardization}},
title={{ISO/PAS 21448:2019, Road vehicles: Safety of the intended functionality}},
url={https://www.iso.org/standard/70939.html}
}

@MISC{PeachFuzzer,
author={{Peach Tech}},
title={{Peach Fuzzer}},
url={https://www.peach.tech}
}

@MISC{PeachMozilla,
author={{Mozilla Foundation}},
title={{Peach Fuzzer, Opensource version}},
url={https://github.com/MozillaSecurity/peach}
}

@ARTICLE{Matinnejad19,
author={R. {Matinnejad} and S. {Nejati} and L. C. {Briand} and T. {Bruckmann}},
journal={IEEE Transactions on Software Engineering},
title={Test Generation and Test Prioritization for Simulink Models with Dynamic Behavior},
year={2019},
volume={45},
number={9},
pages={919-944},
doi={10.1109/TSE.2018.2811489},
ISSN={2326-3881},
month={Sep.},}

@article{DiNardo:TOSEM:2017,
 author = {Di Nardo, Daniel and Pastore, Fabrizio and Briand, Lionel},
 title = {Augmenting Field Data for Testing Systems Subject to Incremental Requirements Changes},
 journal = {ACM Trans. Softw. Eng. Methodol.},
 issue_date = {July 2017},
 volume = {26},
 number = {1},
 month = may,
 year = {2017},
 issn = {1049-331X},
 pages = {1:1--1:40},
 articleno = {1},
 numpages = {40},
 url = {http://doi.acm.org/10.1145/3053430},
 doi = {10.1145/3053430},
 acmid = {3053430},
 publisher = {ACM},
 address = {New York, NY, USA},
 keywords = {Alloy, Data Processing Systems, Model Slicing, System Testing},
} 

@inproceedings{gligoric2010test,
  title={Test generation through programming in {UDITA}},
  author={Gligoric, Milos and Gvero, Tihomir and Jagannath, Vilas and Khurshid, Sarfraz and Kuncak, Viktor and Marinov, Darko},
  booktitle={Proceedings of the 32nd ACM/IEEE International Conference on Software Engineering-Volume 1},
  pages={225--234},
  year={2010},
  publisher={IEEE}, 
  doi={10.1145/1806799.1806835},
  address = {Los Alamitos, CA}
}

@inproceedings{Abdessalem:ICSE:2018,
 author = {Abdessalem, Raja Ben and Nejati, Shiva and Briand, Lionel C. and Stifter, Thomas},
 title = {Testing Vision-based Control Systems Using Learnable Evolutionary Algorithms},
 booktitle = {Proceedings of the 40th International Conference on Software Engineering},
 series = {ICSE '18},
 year = {2018},
 isbn = {978-1-4503-5638-1},
 location = {Gothenburg, Sweden},
 pages = {1016--1026},
 numpages = {11},
 url = {http://doi.acm.org/10.1145/3180155.3180160},
 doi = {10.1145/3180155.3180160},
 acmid = {3180160},
 publisher = {ACM},
 address = {New York, NY, USA},
 keywords = {automotive software systems, evolutionary algorithms, search-based software engineering, software testing},
} 

@ARTICLE{Shin:TSE:DCriterion:2018,
author={D. {Shin} and S. {Yoo} and D. {Bae}},
journal={IEEE Transactions on Software Engineering},
title={A Theoretical and Empirical Study of Diversity-Aware Mutation Adequacy Criterion},
year={2018},
volume={44},
number={10},
pages={914-931},
keywords={fault diagnosis;program testing;software engineering;empirical study;diversity-aware mutation adequacy criterion;software testing;test inputs;mutation testing;distinguishing mutation score;distinguishing mutation adequacy criterion;adequate test suites;inadequate test suites;theoretical study;program behaviors;killed mutants;fault detection capability;Fault detection;Software engineering;Software testing;Correlation;Indexes;Subspace constraints;Mutation testing;test adequacy criteria;diversity},
doi={10.1109/TSE.2017.2732347},
ISSN={2326-3881},
month={Oct},}

@inproceedings{mouelhiv2008generic,
  title={A generic metamodel for security policies mutation},
  author={Mouelhiv, Tejeddine and Fleurey, Franck and Baudry, Benoit},
  booktitle={2008 IEEE International Conference on Software Testing Verification and Validation Workshop},
  pages={278--286},
  year={2008},
  organization={IEEE}
}

@inproceedings{Godefroid:GrammarBasedFuzzying:2008,
author = {Godefroid, Patrice and Kiezun, Adam and Levin, Michael Y.},
title = {Grammar-Based Whitebox Fuzzing},
year = {2008},
isbn = {9781595938602},
publisher = {Association for Computing Machinery},
address = {New York, NY, USA},
_url = {https://doi-org.proxy.bnl.lu/10.1145/1375581.1375607},
doi = {10.1145/1375581.1375607},
booktitle = {Proceedings of the 29th ACM SIGPLAN Conference on Programming Language Design and Implementation},
pages = {206?215},
numpages = {10},
keywords = {automatic test generation, software testing, program verification, grammars},
location = {Tucson, AZ, USA},
series = {PLDI ?08}
}
  

@MISC{OCL,
  author = "{The Object Management Group}",
  title = {The Object Constraint Language},
  howpublished = {http://www.omg.org/spec/OCL/},
  owner = {pastore},
  timestamp = {2014.08.13}
}

@inproceedings{Wang:GrammarAwareFuzzying:ICSE:2019,
author = {Wang, Junjie and Chen, Bihuan and Wei, Lei and Liu, Yang},
title = {Superion: Grammar-Aware Greybox Fuzzing},
year = {2019},
publisher = {IEEE Press},
url = {https://doi.org/10.1109/ICSE.2019.00081},
doi = {10.1109/ICSE.2019.00081},
booktitle = {Proceedings of the 41st International Conference on Software Engineering},
pages = {724?735},
numpages = {12},
keywords = {structured inputs, greybox fuzzing, ASTs},
location = {Montreal, Quebec, Canada},
series = {ICSE ?19}
}

@MISC{ANTLR,
  author = "{ANTLR developers}",
  title = {{ANTLR}},
  howpublished = {https://www.antlr.org/},
  owner = {pastore},
  timestamp = {2014.08.13}
}

@article{Guo:MongoDBFuzzer:CACM:2017,
author = {Guo, Robert},
title = {MongoDB?s JavaScript Fuzzer},
year = {2017},
issue_date = {April 2017},
publisher = {Association for Computing Machinery},
address = {New York, NY, USA},
volume = {60},
number = {5},
issn = {0001-0782},
url = {https://doi.org/10.1145/3052937},
doi = {10.1145/3052937},
journal = {Commun. ACM},
month = apr,
pages = {43?47},
numpages = {5}
}

@incollection{fuzzingbook2019:GrammarFuzzer,
    author = {Andreas Zeller and Rahul Gopinath and Marcel B{\"o}hme and Gordon Fraser and Christian Holler},
    booktitle = {The Fuzzing Book},
    title = {Efficient Grammar Fuzzing},
    year = {2019},
    publisher = {Saarland University},
    howpublished = {\url{https://www.fuzzingbook.org/html/GrammarFuzzer.html}},
    note = {Retrieved 2019-12-21 16:38:57+01:00},
    url = {https://www.fuzzingbook.org/html/GrammarFuzzer.html},
    urldate = {2019-12-21 16:38:57+01:00}
}


@inproceedings{Appelt:SQLI:ISSTA:2014,
author = {Appelt, Dennis and Nguyen, Cu Duy and Briand, Lionel C. and Alshahwan, Nadia},
title = {Automated Testing for SQL Injection Vulnerabilities: An Input Mutation Approach},
year = {2014},
isbn = {9781450326452},
publisher = {Association for Computing Machinery},
address = {New York, NY, USA},
url = {https://doi-org.proxy.bnl.lu/10.1145/2610384.2610403},
doi = {10.1145/2610384.2610403},
booktitle = {Proceedings of the 2014 International Symposium on Software Testing and Analysis},
pages = {259?269},
numpages = {11},
keywords = {SQL Injection, Test Generation, Mutation Testing},
location = {San Jose, CA, USA},
series = {ISSTA 2014}
}
  
@inproceedings{Jan:ISSTA:2016,
author = {Jan, Sadeeq and Nguyen, Cu D. and Briand, Lionel C.},
title = {Automated and Effective Testing of Web Services for XML Injection Attacks},
year = {2016},
isbn = {9781450343909},
publisher = {Association for Computing Machinery},
address = {New York, NY, USA},
url = {https://doi-org.proxy.bnl.lu/10.1145/2931037.2931042},
doi = {10.1145/2931037.2931042},
booktitle = {Proceedings of the 25th International Symposium on Software Testing and Analysis},
pages = {12?23},
numpages = {12},
keywords = {security testing, constraint solving, XML injection},
location = {Saarbr\"{u}cken, Germany},
series = {ISSTA 2016}
}
  
@MISC{spike,
author={Dave Aitel},
title={The Advantages of Block-Based Protocol Analysis for Security Testing},
url = {https://www.immunitysec.com/downloads/advantages_of_block_based_analysis.html},
}

@MISC{BooFuzz,
author={BooFuzz Contributors},
title={{BooFuzz} protocol fuzzying},
url = {https://github.com/jtpereyda/boofuzz},
}


@article{SATandCPsurvey:2006,
author = {Bordeaux, Lucas and Hamadi, Youssef and Zhang, Lintao},
title = {Propositional Satisfiability and Constraint Programming: A Comparative Survey},
year = {2006},
issue_date = {December 2006},
publisher = {Association for Computing Machinery},
address = {New York, NY, USA},
volume = {38},
number = {4},
issn = {0360-0300},
url = {https://doi.org/10.1145/1177352.1177354},
doi = {10.1145/1177352.1177354},
journal = {ACM Comput. Surv.},
month = dec,
pages = {12?es},
numpages = {54},
keywords = {Search, SAT, constraint satisfaction}
}

@incollection{Uml2alloy,
	Author = {Anastasakis, Kyriakos and Bordbar, Behzad and Georg, Geri and Ray, Indrakshi},
	Booktitle = {Model Driven Engineering Languages and Systems},
	Pages = {436--450},
	Publisher = {Springer},
address={Berlin, Heidelberg},
	Title = {UML2Alloy: A challenging model transformation},
	doi = {10.1007/978-3-540-75209-7},
	Year = {2007}}

@misc{AlloyWeb,
	Author = {Daniel Jackson},
	Howpublished = {http://alloy.mit.edu/},
	Owner = {pastore},
	Timestamp = {2015.08.19},
	year = 2015,
	Title = {Alloy Analyzer website}}

@article{Jackson:Alloy:2002,
	Acmid = {505149},
	Address = {New York, NY, USA},
	Author = {Jackson, Daniel},
	Doi = {10.1145/505145.505149},
	Issn = {1049-331X},
	Issue_Date = {April 2002},
	Journal = {ACM Transactions of Software Engineering and Methodology},
	Keywords = {Object models, Z specification language, first-order logic},
	Month = apr,
	Number = {2},
	Pages = {256--290},
	Publisher = {ACM},
	Title = {Alloy: A Lightweight Object Modelling Notation},
	Url = {http://doi.acm.org/10.1145/505145.505149},
	Volume = {11},
	Year = {2002},
	Bdsk-Url-1 = {http://doi.acm.org/10.1145/505145.505149},
	Bdsk-Url-2 = {http://dx.doi.org/10.1145/505145.505149}}
	
@inproceedings{Przigoda2016,
 author = {Przigoda, Nils and Wille, Robert and Drechsler, Rolf},
 title = {Ground Setting Properties for an Efficient Translation of OCL in SMT-based Model Finding},
 booktitle = {Proceedings of the ACM/IEEE 19th International Conference on Model Driven Engineering Languages and Systems},
 series = {MODELS '16},
 year = {2016},
 isbn = {978-1-4503-4321-3},
 location = {Saint-malo, France},
 pages = {261--271},
 url = {http://doi.acm.org/10.1145/2976767.2976780},
 doi = {10.1145/2976767.2976780},
 acmid = {2976780},
 publisher = {ACM},
 address = {New York, NY, USA},
} 

@inproceedings{EMFTOCSP,
 author = {Gonz\'{a}lez, Carlos A. and B\"{u}ttner, Fabian and Claris\'{o}, Robert and Cabot, Jordi},
 title = {EMFtoCSP: A Tool for the Lightweight Verification of EMF Models},
 booktitle = {Proceedings of the First International Workshop on Formal Methods in Software Engineering: Rigorous and Agile Approaches},
 series = {FormSERA '12},
 year = {2012},
 isbn = {978-1-4673-1906-5},
 location = {Zurich, Switzerland},
 pages = {44--50},
 url = {http://dl.acm.org/citation.cfm?id=2663689.2663697},
 acmid = {2663697},
 publisher = {IEEE Press},
 address = {Piscataway, NJ, USA},
} 


@article{Xie-Saturn-TOPLAS-2007,
 author = {Xie, Yichen and Aiken, Alex},
 title = {Saturn: A Scalable Framework for Error Detection Using Boolean Satisfiability},
 journal = {ACM Trans. Program. Lang. Syst.},
 issue_date = {May 2007},
 volume = {29},
 number = {3},
 month = may,
 year = {2007},
 issn = {0164-0925},
 articleno = {16},
 numpages={43},
 url = {http://doi.acm.org/10.1145/1232420.1232423},
 doi = {10.1145/1232420.1232423},
 acmid = {1232423},
 publisher = {ACM},
 address = {New York, NY, USA},
 keywords = {Boolean satisfiability, Program analysis, error detection},
} 	

@article{le2011genprog,
  title={Genprog: A generic method for automatic software repair},
  author={Le Goues, Claire and Nguyen, ThanhVu and Forrest, Stephanie and Weimer, Westley},
  journal={Ieee transactions on software engineering},
  volume={38},
  number={1},
  pages={54--72},
  year={2011},
  publisher={IEEE}
}

@inproceedings{Soeken2011,
author="Soeken, Mathias
and Wille, Robert
and Drechsler, Rolf",
editor="Gogolla, Martin
and Wolff, Burkhart",
title="Encoding OCL Data Types for SAT-Based Verification of UML/OCL Models",
booktitle="Proceeding of Tests and Proofs: 5th International Conference, TAP 2011",
_note = ", Zurich, Switzerland, June 30 -- July 1, 2011. Proceedings",
year="2011",
publisher="Springer Berlin Heidelberg",
address="Berlin, Heidelberg",
pages="152--170",
isbn="978-3-642-21768-5",
doi="10.1007/978-3-642-21768-5"
}

@inproceedings{Visser-JPF-2004,
	Acmid = {1007526},
	Address = {New York, NY, USA},
	Author = {Visser, Willem and P\v{a}s\v{a}reanu, Corina S. and Khurshid, Sarfraz},
	Booktitle = {Proceedings of the 2004 ACM SIGSOFT International Symposium on Software Testing and Analysis},
	Doi = {10.1145/1007512.1007526},
	Isbn = {1-58113-820-2},
	Keywords = {coverage, model checking, red-black trees, symbolic execution, testing object-oriented programs},
	Location = {Boston, Massachusetts, USA},
	Pages = {97--107},
	Publisher = {ACM},
	Series = {ISSTA'04},
	Title = {Test Input Generation with Java PathFinder},
	Url = {http://doi.acm.org/10.1145/1007512.1007526},
	Year = {2004},
	Bdsk-Url-1 = {http://doi.acm.org/10.1145/1007512.1007526},
	Bdsk-Url-2 = {http://dx.doi.org/10.1145/1007512.1007526}}
	

@article{SMT:2011,
author = {De Moura, Leonardo and Bj\o{}rner, Nikolaj},
title = {Satisfiability modulo Theories: Introduction and Applications},
year = {2011},
issue_date = {September 2011},
publisher = {Association for Computing Machinery},
address = {New York, NY, USA},
volume = {54},
number = {9},
issn = {0001-0782},
url = {https://doi.org/10.1145/1995376.1995394},
doi = {10.1145/1995376.1995394},
journal = {Commun. ACM},
month = sep,
pages = {69?77},
numpages = {9}
}
 
@book{NNF:2001,
editor = {Robinson, Alan and Voronkov, Andrei},
title = {Handbook of Automated Reasoning},
year = {2001},
isbn = {0444508120},
publisher = {Elsevier Science Publishers B. V.},
address = {NLD}
}
  
@article{Khurshid-SpecificationBasedTesting-ASE-2004,
	Address = {Hingham, MA, USA},
	Author = {Khurshid, Sarfraz and Marinov, Darko},
	Doi = {http://dx.doi.org/10.1023/B:AUSE.0000038938.10589.b9},
	File = {Khurshid-SpecificationBasedTesting-ASE-2004.pdf:Khurshid-SpecificationBasedTesting-ASE-2004.pdf:PDF},
	Issn = {0928-8910},
	Journal = {Automated Software Engineering},
	Keywords = {ModelBasedTesting},
	Number = {4},
	Pages = {403--434},
	Publisher = {Kluwer Academic Publishers},
	Title = {{TestEra}: Specification-Based Testing of {Java} Programs Using {SAT}},
	Volume = {11},
	Year = {2004},
	Bdsk-Url-1 = {http://dx.doi.org/10.1023/B:AUSE.0000038938.10589.b9}}

@inproceedings{Boyapati-KORAT-ISSTA-2002,
	Acmid = {566191},
	Address = {New York, NY, USA},
	Author = {Boyapati, Chandrasekhar and Khurshid, Sarfraz and Marinov, Darko},
	Booktitle = {Proceedings of the 2002 ACM SIGSOFT International Symposium on Software Testing and Analysis},
	Isbn = {1-58113-562-9},
	Location = {Roma, Italy},
	Pages = {123--133},
	Publisher = {ACM},
	Series = {ISSTA '02},
	Title = {Korat: Automated Testing Based on {Java} Predicates},
	doi = {10.1145/566172.566191},
	Year = {2002}}

@inproceedings{Horcher-Z-1995,
	Acmid = {722765},
	Address = {London, UK, UK},
	Author = {H\"{o}rcher, Hans-Martin},
	Booktitle = {Proceedings of the 9th International Conference of Z Usres on The Z Formal Specification Notation},
	Isbn = {3-540-60271-2},
	Pages = {152--166},
	Publisher = {Springer-Verlag},
	Series = {ZUM '95},
	Title = {Improving Software Tests Using Z Specifications},
	Year = {1995}}

@inproceedings{Senni-CPLgeneration-TAP-2012,
	Acmid = {2367025},
	Address = {Berlin, Heidelberg},
	Author = {Senni, Valerio and Fioravanti, Fabio},
	Booktitle = {Proceedings of the 6th International Conference on Tests and Proofs},
	Doi = {10.1007/978-3-642-30473-6_10},
	Isbn = {978-3-642-30472-9},
	Location = {Prague, Czech Republic},
	Pages = {115--131},
	Publisher = {Springer-Verlag},
	Series = {TAP'12},
	Title = {Generation of Test Data Structures Using Constraint Logic Programming},
	Year = {2012},
	Bdsk-Url-1 = {http://dx.doi.org/10.1007/978-3-642-30473-6_10}}
	

@misc{AFL:strategies,
  title={{Binary fuzzing strategies: what works, what doesn't.}},
  author={Michal Zalewsk},
  year={2020},
  url={{https://lcamtuf.blogspot.com/2014/08/binary-fuzzing-strategies-what-works.html}}
}

@misc{AFL:industrialcases,
  title={{American Fuzzy Lop.}},
  author={Michal Zalewsk},
  year={2020},
  url={{https://https://lcamtuf.coredump.cx/afl/}}
}


@misc{GramTest,
  title={{GramTest} Grammar Based Test Generation},
  author={Asankhaya Sharma},
  year={2020}, 
  url={{https://github.com/codelion/gramtest}}
}

@misc{GPLib,
  title={{Grammar Based Test Generation Tool}},
  author={F. Kifetew},
  year={2020}, 
  url={{https://selab.fbk.eu/kifetew/gbt.html}}
}


@article{Burkhardt:TestFromSyntax,
	author={Burkhardt, W.H.},
	Doi = {https://doi.org/10.1007/BF02235512},
	Journal = {Computing},
	Number = {2},
	Pages = {53--73},
	Publisher = {IEEE},
	Title = {Generating test programs from syntax},
	Volume = {11},
	 year={1967}, 
}

@misc{soltana2019practical,
    title={Practical Model-driven Data Generation for System Testing},
    author={Ghanem Soltana and Mehrdad Sabetzadeh and Lionel C. Briand},
    year={2019},
    eprint={1902.00397},
    archivePrefix={arXiv},
    primaryClass={cs.SE}
}

@misc{esaSentinel,
    title={{ESA} Sentinel Missions},
    author={Ghanem Soltana and Mehrdad Sabetzadeh and Lionel C. Briand},
    year={2020},
    url={https://sentinel.esa.int/web/sentinel/home},
}


@misc{bnfplayground,
    title={{Bnfplayground} {BNF} online learning tool.},
    author={Alexey Bobkov and Samuel Georges},
    year={2020},
    url={https://bnfplayground.pauliankline.com},
}

@article{langdon2017genetic,
  title={Genetic improvement of GPU software},
  author={Langdon, William B and Lam, Brian Yee Hong and Modat, Marc and Petke, Justyna and Harman, Mark},
  journal={Genetic Programming and Evolvable Machines},
  volume={18},
  number={1},
  pages={5--44},
  year={2017},
  publisher={Springer}
}

@inproceedings{loise2017towards,
  title={Towards security-aware mutation testing},
  author={Loise, Thomas and Devroey, Xavier and Perrouin, Gilles and Papadakis, Mike and Heymans, Patrick},
  booktitle={2017 IEEE International Conference on Software Testing, Verification and Validation Workshops (ICSTW)},
  pages={97--102},
  year={2017},
  organization={IEEE}
}

@article{Kifetew:GBTest:2017,
author = {Kifetew, Fitsum Meshesha and Tiella, Roberto and Tonella, Paolo},
title = {Generating Valid Grammar-Based Test Inputs by Means of Genetic Programming and Annotated Grammars},
year = {2017},
issue_date = {April 2017},
publisher = {Kluwer Academic Publishers},
address = {USA},
volume = {22},
number = {2},
issn = {1382-3256},
url = {https://doi.org/10.1007/s10664-015-9422-4},
doi = {10.1007/s10664-015-9422-4},
journal = {Empirical Softw. Engg.},
month = apr,
pages = {928?961},
numpages = {34},
keywords = {Grammar annotations, Grammar based testing, Genetic programming}
}
 	
	
@InProceedings{grammar:survey,
author="Guo, Hai-Feng
and Qiu, Zongyan",
editor="Yenig{\"u}n, H{\"u}sn{\"u}
and Yilmaz, Cemal
and Ulrich, Andreas",
title="Automatic Grammar-Based Test Generation",
booktitle="Testing Software and Systems",
year="2013",
publisher="Springer Berlin Heidelberg",
address="Berlin, Heidelberg",
pages="17--32",
isbn="978-3-642-41707-8"
}

@inproceedings{Kiran:2008,
author = {Lakhotia, Kiran and Harman, Mark and McMinn, Phil},
title = {Handling Dynamic Data Structures in Search Based Testing},
year = {2008},
isbn = {9781605581309},
publisher = {Association for Computing Machinery},
address = {New York, NY, USA},
url = {https://doi.org/10.1145/1389095.1389435},
doi = {10.1145/1389095.1389435},
booktitle = {Proceedings of the 10th Annual Conference on Genetic and Evolutionary Computation},
pages = {1759?1766},
numpages = {8},
keywords = {symbolic execution, automated test data generation, concolic testing},
location = {Atlanta, GA, USA},
series = {GECCO 08}
}

@book{Pezze:Book,
author = {Young, Michal and Pezze, Mauro},
title = {Software Testing and Analysis: Process, Principles and Techniques},
year = {2005},
isbn = {0471455938},
publisher = {John Wiley and Sons, Inc.},
address = {Hoboken, NJ, USA}
}
  


@inproceedings{Braione:2017,
author = {Braione, Pietro and Denaro, Giovanni and Mattavelli, Andrea and Pezz\`{e}, Mauro},
title = {Combining Symbolic Execution and Search-Based Testing for Programs with Complex Heap Inputs},
year = {2017},
isbn = {9781450350761},
publisher = {Association for Computing Machinery},
address = {New York, NY, USA},
url = {https://doi.org/10.1145/3092703.3092715},
doi = {10.1145/3092703.3092715},
booktitle = {Proceedings of the 26th ACM SIGSOFT International Symposium on Software Testing and Analysis},
pages = {90?101},
numpages = {12},
keywords = {Automatic test case generation, Symbolic execution, Search-based software engineering},
location = {Santa Barbara, CA, USA},
series = {ISSTA 2017}
}
  
@INPROCEEDINGS{Braione:2018, 
author = {P. {Braione} and G. {Denaro} and A. {Mattavelli} and M. {Pezz\`{e}}}, 
booktitle = {2018 IEEE/ACM 40th International Conference on Software Engineering: Companion (ICSE-Companion)}, 
title = {SUSHI: A Test Generator for Programs with Complex Structured Inputs}, 
year = {2018}, 
volume = {}, 
number = {}, 
pages = {21-24},
} 

@inproceedings{arcaini2015rehabilitating,
author = {Arcaini, Paolo and Gargantini, Angelo and Riccobene, Elvinia and Vavassori, Paolo},
booktitle = {2015 IEEE Eighth International Conference on Software Testing, Verification and Validation Workshops (ICSTW)},
file = {:Users/oscar.cornejo/Downloads/Arcaini-EquivalentsForImprovingCode-ICSTW-2015.pdf:pdf},
organization = {IEEE},
pages = {1--6},
title = {{Rehabilitating equivalent mutants as static anomaly detectors in software artifacts}},
year = {2015}
}

@article{lopez2018source,
author = {L{\'{o}}pez, Jorge and Kushik, Natalia and Yevtushenko, Nina},
file = {:Volumes/GoogleDrive/My Drive/2019-FAQAS/ExistingLiterature/Lopez-OptimizingCodeEquivalents-IST-2018.pdf:pdf},
journal = {Information and Software Technology},
pages = {138--141},
publisher = {Elsevier},
title = {{Source code optimization using equivalent mutants}},
volume = {103},
year = {2018}
}


@article{arcaini2017novel,
author = {Arcaini, Paolo and Gargantini, Angelo and Riccobene, Elvinia and Vavassori, Paolo},
file = {:Volumes/GoogleDrive/My Drive/2019-FAQAS/ExistingLiterature/Arcaini-EquivalentsForCodeImproving-IST-2017.pdf:pdf},
journal = {Information and Software Technology},
pages = {52--64},
publisher = {Elsevier},
title = {{A novel use of equivalent mutants for static anomaly detection in software artifacts}},
volume = {81},
year = {2017}
}

@inproceedings{knauth2009assertion,
author = {Knauth, Thomas and Fetzer, Christof and Felber, Pascal},
booktitle = {2009 International Conference on Software Testing, Verification, and Validation Workshops},
file = {:Volumes/GoogleDrive/My Drive/2019-FAQAS/ExistingLiterature/Fetzer-ImprovingContracts-ICSTW-2009.pdf:pdf},
organization = {IEEE},
pages = {182--191},
title = {{Assertion-driven development: Assessing the quality of contracts using meta-mutations}},
year = {2009}
}


@inproceedings{Pastore:VART:2014,
author = {Pastore, Fabrizio and Mariani, Leonardo and Hyv\"{a}rinen, Antti E. J. and Fedyukovich, Grigory and Sharygina, Natasha and Sehestedt, Stephan and Muhammad, Ali},
title = {Verification-Aided Regression Testing},
year = {2014},
isbn = {9781450326452},
publisher = {Association for Computing Machinery},
address = {New York, NY, USA},
url = {https://doi.org/10.1145/2610384.2610387},
doi = {10.1145/2610384.2610387},
booktitle = {Proceedings of the 2014 International Symposium on Software Testing and Analysis},
pages = {37?48},
numpages = {12},
keywords = {model checking, Regression testing, dynamic analysis},
location = {San Jose, CA, USA},
series = {ISSTA 2014}
}
  
@INPROCEEDINGS{Chekam:17,

  author={T. T. {Chekam} and M. {Papadakis} and Y. {Le Traon} and M. {Harman}},

  booktitle={2017 IEEE/ACM 39th International Conference on Software Engineering (ICSE)}, 

  title={An Empirical Study on Mutation, Statement and Branch Coverage Fault Revelation That Avoids the Unreliable Clean Program Assumption}, 

  year={2017},

  volume={},

  number={},

  pages={597-608},}


@MISC{GCOV,
author={{GNU} compiler collection},
title={{gcov?a Test Coverage Program}},
howpublished={https://gcc.gnu.org/onlinedocs/gcc/Gcov.html},
year="2020"
}


@ARTICLE{Zou:Ochiai:2019,  author={D. {Zou} and J. {Liang} and Y. {Xiong} and M. D. {Ernst} and L. {Zhang}},  journal={IEEE Transactions on Software Engineering},   title={An Empirical Study of Fault Localization Families and Their Combinations},   year={2019},  volume={},  number={},  pages={1-1},}


@INPROCEEDINGS{Keller:Jaccard:2017,  author={F. {Keller} and L. {Grunske} and S. {Heiden} and A. {Filieri} and A. {van Hoorn} and D. {Lo}},  booktitle={2017 IEEE International Conference on Software Quality, Reliability and Security (QRS)},   title={A Critical Evaluation of Spectrum-Based Fault Localization Techniques on a Large-Scale Software System},   year={2017},  volume={},  number={},  pages={114-125},}


@INPROCEEDINGS{Briand:2019, 
title = {{Can We Predict the Quality of Spectrum-based Fault Localization?}},
author = {Mojdeh Golagha and Alexander Pretschner and Lionel Briand},
  booktitle={2020 IEEE International Conference on Software Testing, Verification and Validation (ICST)},
  pages={1--10},
  year={2020},
  organization={IEEE}
}


@MISC{RTEMS,
author={{Cobham Gaisler}},
title={{RTEMS Cross Compilation System}},
howpublished={https://www.gaisler.com/index.php/products/operating-systems/rtems},
year="2020"
}

@MISC{VectorCAST,
author={{Vector}},
title={{Vector CAST}},
howpublished={https://www.vectorcast.com/tags/vectorcast},
year="2020"
}

@inproceedings{BiereCCZ:TACAS99,
  author    = {Armin Biere and
               Alessandro Cimatti and
               Edmund M. Clarke and
               Yunshan Zhu},
  title     = {Symbolic Model Checking without {BDDs}},
  _booktitle = {TACAS},
  booktitle = {proceedings of the International Conference Tools and Algorithms for Construction and Analysis of Systems},
  year      = {1999},
  pages     = {193-207},
  publisher = {Springer},
  series    = {LNCS},
  volume    = {1579},
}

@inproceedings{Bradley:VMCAI11,
  author    = {Aaron R. Bradley},
  title     = {{SAT}-Based Model Checking without Unrolling},
  _booktitle = {VMCAI},
  booktitle = {proceedings of the International Conference on Verification, Model Checking, and Abstract Interpretatio},
  year      = {2011},
  pages     = {70-87},
  publisher = {Springer},
  series    = {LNCS},
  volume    = {6538},
}

@inproceedings{McMillan:CAV06,
  author    = {Kenneth L. McMillan},
  title     = {Lazy Abstraction with Interpolants},
  pages     = {123-136},
  _booktitle = {CAV},
  booktitle = {proceedings of the International Conference on Computer Aided Verification},
  publisher = {Springer},
  series    = {LNCS},
  volume    = {4144},
  year      = {2006},
}

@inproceedings{AlbertiBGRS:LPAR12,
  author    = {Francesco Alberti and
               Roberto Bruttomesso and
               Silvio Ghilardi and
               Silvio Ranise and
               Natasha Sharygina},
  title     = {Lazy Abstraction with Interpolants for Arrays},
  _booktitle = {LPAR},
  booktitle = {proceedings of the International Conference on Logic for Programming, Artificial Intelligence, and Reasoning},
  publisher = {Springer},
  series    = {LNCS},
  volume    = {7180},
  year      = {2012},
}


@book{CGP99,
  author    = {Edmund M. Clarke and Orna Grumberg and Doron A. Peled},
  title     = {{Model Checking}},
  publisher = {MIT Press},
  year      = {1999}
}

@inproceedings{BCC+99,
  author    = {A. Biere and A. Cimatti and E.M. Clarke and M. Fujita and Y. Zhu},
  title     = {{Symbolic Model Checking Using SAT Procedures instead of BDDs}},
  booktitle = {proceedings of the annual Design Automation Conference},
  year      = {1999},
}

@inproceedings{SeryFS:FMCAD2012,
  author    = {Ondrej Sery and
               Grigory Fedyukovich and
               Natasha Sharygina},
  title     = {Incremental upgrade checking by means of interpolation-based
               function summaries},
  booktitle = {proceedings of the International Conference on Formal Methods in Computer-Aided Design},
  publisher = {IEEE},
  year      = {2012},
}

@inproceedings{SeryFS:ATVA12,
  author    = {Ondrej Sery and
               Grigory Fedyukovich and
               Natasha Sharygina},
  title     = {{FunFrog}: Bounded Model Checking with Interpolation-Based
               Function Summarization},
  _booktitle = {ATVA},
  pages     = {203-207},
  booktitle = {proceedings of the International Symposium on Automated Technology for Verification and Analysis},
  publisher = {Springer},
  series    = {LNCS},
  volume    = {7561},
  year      = {2012},
}

@article{MarquesSilva:IEEETRAN99,
  author    = {Jo{\~a}o P. Marques Silva and
               Karem A. Sakallah},
  title     = {GRASP: A Search Algorithm for Propositional Satisfiability},
  journal   = {IEEE Transactions on Computers},
  volume    = {48},
  number    = {5},
  year      = {1999},
  pages     = {506-521},
}

@inproceedings{MMahajanFM:SAT04,
  author    = {Yogesh S. Mahajan and
               Zhaohui Fu and
               Sharad Malik},
  title     = {Zchaff2004: An Efficient {SAT} Solver},
  _booktitle = {SAT (Selected Papers)},
  pages     = {360-375},
  booktitle = {proceedings of the International Conference on Theory and Applications of Satisfiability Testing, Revised Selected Papers},
  publisher = {Springer},
  series    = {LNCS},
  volume    = {3542},
  year      = {2005},
}

@inproceedings{MahajanFM:SAT04,
  author    = {Yogesh S. Mahajan and
               Zhaohui Fu and
               Sharad Malik},
  title     = {Zchaff2004: An Efficient {SAT} Solver},
  _booktitle = {SAT (Selected Papers)},
  pages     = {360-375},
  booktitle = {proceedings of the International Conference on Theory and Applications of Satisfiability Testing, Revised Selected Papers},
  publisher = {Springer},
  series    = {LNCS},
  volume    = {3542},
  year      = {2005},
}

@article{Bugg:Correctness:82,
	Author = {Budd, Timothy A. and Angluin, Dana},
	Da = {1982/03/01},
	Date-Added = {2020-06-20 10:05:12 +0000},
	Date-Modified = {2020-06-20 10:05:12 +0000},
	Doi = {10.1007/BF00625279},
	Id = {Budd1982},
	Isbn = {1432-0525},
	Journal = {Acta Informatica},
	Number = {1},
	Pages = {31--45},
	Title = {Two notions of correctness and their relation to testing},
	Ty = {JOUR},
	Url = {https://doi.org/10.1007/BF00625279},
	Volume = {18},
	Year = {1982},
	Bdsk-Url-1 = {https://doi.org/10.1007/BF00625279}}

@inproceedings{EenS:SAT2003,
  author    = {Niklas E{\'e}n and
               Niklas S{\"o}rensson},
  title     = {An Extensible {SAT}-solver},
  OPTbooktitle = {SAT},
  pages     = {502-518},
  booktitle = {proceedings of the International Conference on Theory and Applications of Satisfiability Testing},
  publisher = {Springer},
  series    = {LNCS},
  volume    = {2919},
  year      = {2004},
}
	
@MISC{ESAISVV,
  title={ESA ISVV Guide issue 2.0, 29/12/2008},
  author={{European Space Agency}},
  _howpublished={{}}
}

@article{Kintis2018,
author = {Kintis, Marinos and Papadakis, Mike and Papadopoulos, Andreas and Valvis, Evangelos and Malevris, Nicos and {Le Traon}, Yves},
doi = {10.1007/s10664-017-9582-5},
file = {:Users/fabrizio.pastore/Library/Application Support/Mendeley Desktop/Downloaded/Kintis et al. - 2018 - How effective are mutation testing tools An empirical analysis of Java mutation testing tools with manual analysi.pdf:pdf},
issn = {1573-7616},
journal = {Empirical Software Engineering},
mendeley-groups = {real faults},
month = {aug},
number = {4},
pages = {2426--2463},
title = {{How effective are mutation testing tools? An empirical analysis of Java mutation testing tools with manual analysis and real faults}},
url = {https://doi.org/10.1007/s10664-017-9582-5},
volume = {23},
year = {2018}
}

@MISC{googletest,
author={{Google Inc.}},
title={{Google C++ Testing Framework}},
howpublished={https://github.com/google/googletest},
year="2020"
}

@MISC{waf,
author={{Thomas Nagy}},
title={{WAF meta build system}},
howpublished={https://waf.io},
year="2020"
}

@MISC{zipformat,
author={{Flinkd}}, 
title={{Peach: Zip format}},
howpublished={http://www.flinkd.org/projects/peach-pits/peach-pit-for-the-zip-file-format-specification/},
year="2020"
}

@MISC{zipexample,
author={{Flinkd}}, 
title={{Peach: Zip example}},
howpublished={http://www.flinkd.org/fuzzing-with-peach-part-1/},
year="2020"
}

@MISC{libm,
author={{libm}},
title={{libm}},
howpublished={https://sourceware.org/newlib/libm.html},
year="2020"
}

@MISC{newlib,
author={{newlib}},
title={{newlib}},
howpublished={http://www.sourceware.org/newlib/},
year="2020"
}

@article{Tchebichef1867,
author={P. Tchebichef},
title={Des valeurs moyennes},
journal={Journal de Mathématiques Pures et Appliquées},
volume={2},
number={12},
pages={177–184},
year={1867}
}


@misc{ESA,
    title={{European Space Agency}},
    author={{ESA}},
    year={2020},
    url={https://www.esa.int},
}

@misc{LXS,
    title={{The first provider of space systems, applications and services in Luxembourg.}},
    author={{OHB LuxSpace}},
    year={2020},
    url={https://luxspace.lu/},
}

@misc{GSL,
    title={{Systems for cubesats and nanosatellites.}},
    author={{Gomspace}},
    year={2020},
    url={https://gomspace.com/},
}

@misc{GDB,
    title={{GDB: The GNU Project Debugger.}},
    author={{Free Software Foundation}},
    year={2020},
    url={https://www.gnu.org/software/gdb/},
}

@misc{THANASSIS,
    title={{Cover me!}},
    author={Thanassis Tsiodras},
    year={2020},
    url={https://www.thanassis.space/coverage.html},
}

@article{Ramler2017,
abstract = {Background: Testing is an essential activity in safety-critical software development, following high standards in terms of code coverage. Mutation testing allows assessing the effectiveness of testing and helps to further improve test cases. However, mutation testing is not widely practiced due to scalability problems when applied to real-world systems. Objective: The objective of the study is to investigate the applicability and usefulness of mutation testing for improving the quality of unit testing in context of safety-critical software systems. Method: A case study has been conducted together with an engineering company developing safety-critical systems. Mutation analysis has been applied to the studied system under test (60, 000 LOC of C code) producing 75, 043 mutants of which 27, 158 survived test execution. A sam-ple of 200 live mutants has been reviewed by the engineers, who also improved the existing unit test suite based on their findings. Findings: The reviewed sample contained 24{\%} equivalent mu-tants and 12{\%} duplicated mutants. It revealed a weak spot in the testing approach and provided valuable guidance to improve the existing unit test suite. Two new faults were found in the code when improving the tests. Test execution against the mutants required over 4, 000 hours computing time. The overall effort was about half a person year.},
author = {Ramler, Rudolf and Wetzlmaier, Thomas and Klammer, Claus},
doi = {10.1145/3019612.3019830},
file = {:Users/fabrizio.pastore/Desktop/Ramler-MutationTestingToSafetyCritical-SAC-2017.pdf:pdf},
isbn = {9781450344869},
journal = {Proceedings of the ACM Symposium on Applied Computing},
keywords = {Coverage,IEC 61508,Mutation analysis,Mutation testing,Safety-critical system,Unit testing,Verification},
mendeley-groups = {benchmark},
number = {Section 4},
pages = {1401--1408},
title = {{An empirical study on the application of mutation testing for a safety-critical industrial software system}},
volume = {Part F128005},
year = {2017}
}

@article{Baker2013,
abstract = {Testing provides a primary means for assuring software in safety-critical systems. To demonstrate, particularly to a certification authority, that sufficient testing has been performed, it is necessary to achieve the test coverage levels recommended or mandated by safety standards and industry guidelines. Mutation testing provides an alternative or complementary method of measuring test sufficiency, but has not been widely adopted in the safety-critical industry. In this study, we provide an empirical evaluation of the application of mutation testing to airborne software systems which have already satisfied the coverage requirements for certification. Specifically, we apply mutation testing to safety-critical software developed using high-integrity subsets of C and Ada, identify the most effective mutant types, and analyze the root causes of failures in test cases. Our findings show how mutation testing could be effective where traditional structural coverage analysis and manual peer review have failed. They also show that several testing issues have origins beyond the test activity, and this suggests improvements to the requirements definition and coding process. Our study also examines the relationship between program characteristics and mutation survival and considers how program size can provide a means for targeting test areas most likely to have dormant faults. Industry feedback is also provided, particularly on how mutation testing can be integrated into a typical verification life cycle of airborne software. {\textcopyright} 1976-2012 IEEE.},
author = {Baker, Richard and Habli, Ibrahim},
doi = {10.1109/TSE.2012.56},
file = {:Users/fabrizio.pastore/Desktop/06298894.pdf:pdf},
issn = {00985589},
journal = {IEEE Transactions on Software Engineering},
keywords = {Mutation,certification,safety-critical software,testing,verification},
mendeley-groups = {benchmark},
number = {6},
pages = {787--805},
publisher = {IEEE},
title = {{An empirical evaluation of mutation testing for improving the test quality of safety-critical software}},
volume = {39},
year = {2013}
}





@inproceedings{Isasi2019,
title={The ESAIL Multipurpose Simulator},
author={Isasi, Y. and Pinardell, A and Marquez , A. and Molon-Noblot, C. and Wagner, A. and Gales, M. and Brada, M.},
note={\url{https://atpi.eventsair.com/QuickEventWebsitePortal/sesp-2019/website/Agenda}},
booktitle={Onlin Proceedings of Simulation and EGSE for Space Programmes (SESP2019)},
year = {2019}
}

@article{Hyndman1996,
 ISSN = {00031305},
 URL = {http://www.jstor.org/stable/2684934},
 abstract = {There are a large number of different definitions used for sample quantiles in statistical computer packages. Often within the same package one definition will be used to compute a quantile explicitly, while other definitions may be used when producing a boxplot, a probability plot, or a QQ plot. We compare the most commonly implemented sample quantile definitions by writing them in a common notation and investigating their motivation and some of their properties. We argue that there is a need to adopt a standard definition for sample quantiles so that the same answers are produced by different packages and within each package. We conclude by recommending that the median-unbiased estimator be used because it has most of the desirable properties of a quantile estimator and can be defined independently of the underlying distribution.},
 author = {Rob J. Hyndman and Yanan Fan},
 journal = {The American Statistician},
 number = {4},
 pages = {361--365},
 publisher = {[American Statistical Association, Taylor & Francis, Ltd.]},
 title = {Sample Quantiles in Statistical Packages},
 volume = {50},
 year = {1996}
}

@article{Kurtz2016,
abstract = {Mutation score has long been used in research as a metric to measure the effectiveness of testing strategies. This paper presents evidence that mutation score lacks the desired accuracy to determine the completeness of a test suite due to noise introduced by the redundancy inherent in traditional mutation, and that dominator mutation score is a superior metric for this purpose. We evaluate the impact of different levels of redundant and equivalent mutants on mutation score and the ability to determine completeness in developing a mutation-adequate test suite. We conclude that, in the context of our model, redundant mutants make it very difficult to accurately assess test completeness. Equivalent mutants, on the other hand, have little effect on determining completeness. Based on this information, we suggest limits to redundancy and equivalency that mutation tools must achieve to be practical for general use in software testing.},
author = {Kurtz, Bob and Ammann, Paul and Offutt, Jeff and Kurtz, Mariet},
doi = {10.1109/ICSTW.2016.41},
file = {:Users/fabrizio.pastore/Desktop/07528956.pdf:pdf},
isbn = {9781509018260},
journal = {Proceedings - 2016 IEEE International Conference on Software Testing, Verification and Validation Workshops, ICSTW 2016},
keywords = {dominator mutants,mutation testing,software testing,subsumption},
mendeley-groups = {EquivalentMutants},
pages = {142--151},
publisher = {IEEE},
title = {{Are We There Yet? How Redundant and Equivalent Mutants Affect Determination of Test Completeness}},
year = {2016}
}


@misc{ESAILESA,
    title={{ESAIL} microsatellite},
    author={{European Space Agency}},
    year={2020},
    url={https://www.esa.int/Applications/Telecommunications_Integrated_Applications/ESAIL_maritime_satellite_ready_for_launch},
}


@misc{ESAILlaunch,
    title={{ESA} {Vega} launch},
    author={{European Space Agency}},
    year={2020},
    url={\url{https://www.esa.int/Enabling\_Support/Space\_Transportation/Vega/}},
}

@misc{ESAlicence,
    title={{ESA} {Community} {Licence} {Permissive} v2.4},
    author={{European Space Agency}},
    year={2020},
    url={https://essr.esa.int/license/european-space-agency-community-license-v2-4-permissive},
}

@inproceedings{frankl1998further,
  title={Further empirical studies of test effectiveness},
  author={Frankl, Phyllis G and Iakounenko, Oleg},
  booktitle={Proceedings of the 6th ACM SIGSOFT international symposium on Foundations of software engineering},
  pages={153--162},
  year={1998}
}

@article{ZhouCPS2018,
doi = {10.1109/ACCESS.2018.2869834},
file = {:Users/fabrizio.pastore/Desktop/08464069.pdf:pdf},
issn = {21693536},
journal = {IEEE Access},
keywords = {Cyber-physical system,non-functional testing,robust testing,security testing,testbed,testing method},
mendeley-groups = {cyberPhysicalSystems},
pages = {52179--52194},
title = {{Review on Testing of Cyber Physical Systems: Methods and Testbeds}},
volume = {6},
year = {2018}
}

@article{KapinskiCPS2016,
author = {Kapinski, James and Deshmukh, Jyotirmoy V and Jin, Xiaoqing and Ito, Hisahiro and Butts, Ken},
journal = {IEEE Control Systems Magazine},
mendeley-groups = {cyberPhysicalSystems},
number = {November},
publisher = {IEEE},
title = {{Simulation-Based Approaches for Verification of Embedded Systems}},
year = {2016}
}

@article{Rohling2019SPACE,
author = {Rohling, Adair Jos{\'{e}} and Neto, Valdemar Vicente Graciano and Ferreira, Mauricio Gon{\c{c}}alves Vieira and {Dos Santos}, Walter Abrah{\~{a}}o and Nakagawa, Elisa Yumi},
doi = {10.1007/s11334-019-00322-w},
issn = {1614-5054},
journal = {Innovations in Systems and Software Engineering},
number = {2},
pages = {139--153},
title = {{A reference architecture for satellite control systems}},
url = {https://doi.org/10.1007/s11334-019-00322-w},
volume = {15},
year = {2019}
}

@inproceedings{HPC,
   author =       {S. Varrette and P. Bouvry and H. Cartiaux and F. Georgatos},
   title =        {Management of an Academic HPC Cluster: The UL Experience},
   booktitle =    {Proc. of the 2014 Intl. Conf. on High Performance Computing \& Simulation (HPCS 2014)},
   year =         {2014},
   pages =        {959--967},
   month =        {July},
   address =      {Bologna, Italy},
   publisher =    {IEEE},
}

@Article{Bartlett,
author ={James E Bartlett and Joe W Kotrlik and Chadwick C Higgins},
year = {2001},
title = {Organizational Research: Determining Appropriate Sample Size in Survey Research},
journal={Information Technology, Learning, and Performance Journal},
volume={19},
number={1},
pages={43--50},
}

@Book{Cochran,
author={W G Cochran},
year={1977},
title={Sampling Techniques},
publisher={John Wiley \& Sons},
address={ New York, USA}
}

@article{Krejcie,
author = {Robert V. Krejcie and Daryle W. Morgan},
title ={Determining Sample Size for Research Activities},
journal = {Educational and Psychological Measurement},
volume = {30},
number = {3},
pages = {607-610},
year = {1970},
doi = {10.1177/001316447003000308},
URL = {https://doi.org/10.1177/001316447003000308},
eprint = {https://doi.org/10.1177/001316447003000308}
}

@article{Krishnamoorthy07,
author = { K.   Krishnamoorthy  and  Jie   Peng },
title = {Some Properties of the Exact and Score Methods for Binomial Proportion and Sample Size Calculation},
journal = {Communications in Statistics - Simulation and Computation},
volume = {36},
number = {6},
pages = {1171-1186},
year  = {2007},
publisher = {Taylor & Francis},
doi = {10.1080/03610910701569218},
URL = { https://doi.org/10.1080/03610910701569218},
eprint = {https://doi.org/10.1080/03610910701569218}
}

@article{Goncalves2012,
doi = {10.1080/02664763.2012.713919},
file = {:Users/fabrizio.pastore/Desktop/2012{\_}Samplesizeforestimatingabinomialproportions.pdf:pdf},
issn = {0266-4763},
journal = {Journal of Applied Statistics},
keywords = {Binomial proportion,Confidence intervals,Coverage probability,Expected length,Sample size},
mendeley-groups = {sampleSizeDetermination},
month = {nov},
number = {11},
pages = {2453--2473},
title = {{Sample size for estimating a binomial proportion: comparison of different methods}},
url = {http://www.tandfonline.com/doi/abs/10.1080/02664763.2012.713919},
volume = {39},
year = {2012}
}

@article{waldSequential,
author = "Wald, A.",
doi = "10.1214/aoms/1177731118",
fjournal = "Annals of Mathematical Statistics",
journal = "Ann. Math. Statist.",
month = "06",
number = "2",
pages = "117--186",
publisher = "The Institute of Mathematical Statistics",
title = "Sequential Tests of Statistical Hypotheses",
url = "https://doi.org/10.1214/aoms/1177731118",
volume = "16",
year = "1945"
}

@article{Chen2013,
author = {Chen, Zhengjia and Chen, Xinjia},
doi = {10.1155/2013/603297},
editor = {Huang, Xuelin},
issn = {1687-952X},
journal = {Journal of Probability and Statistics},
pages = {603297},
publisher = {Hindawi Publishing Corporation},
title = {{Exact Group Sequential Methods for Estimating a Binomial Proportion}},
url = {https://doi.org/10.1155/2013/603297},
volume = {2013},
year = {2013}
}

@article{Wang:Uncertainty:TOSEM,
author = {Wang, Chunhui and Pastore, Fabrizio and Briand, Lionel},
title = {Oracles for Testing Software Timeliness with Uncertainty},
year = {2018},
issue_date = {February 2019},
publisher = {Association for Computing Machinery},
address = {New York, NY, USA},
volume = {28},
number = {1},
issn = {1049-331X},
url = {https://doi.org/10.1145/3280987},
doi = {10.1145/3280987},
journal = {ACM Trans. Softw. Eng. Methodol.},
month = nov,
articleno = {1},
numpages = {30},
keywords = {timing specifications, test oracles generation, probabilistic unique input output sequences, Time uncertainty}
}

@Techreport{Hsu:90,
	title = "An Experimental Approach to Statistical Mutation-Based Testing",
	author = "William Hsu,Mehmet Sahinoglu,Eugene Spafford",
	year = "1990",
	month = "April",
	address = "West Lafayette, IN 47907",
	institution = "Software Engineering Research Center",
	number = "SERC-TR-63-P",
}

@article{Frey:FixedWidthSequentialConfidenceIntervals:AmericanStatistician:2010,
author = {Jesse Frey},
title = {Fixed-Width Sequential Confidence Intervals for a Proportion},
journal = {The American Statistician},
volume = {64},
number = {3},
pages = {242-249},
year  = {2010},
publisher = {Taylor & Francis},
doi = {10.1198/tast.2010.09140},

URL = { 
        https://doi.org/10.1198/tast.2010.09140
    
},
eprint = { 
        https://doi.org/10.1198/tast.2010.09140
    
}
}

@article{ClopperPearson,
 ISSN = {00063444},
 URL = {http://www.jstor.org/stable/2331986},
 author = {C. J. Clopper and E. S. Pearson},
 journal = {Biometrika},
 number = {4},
 pages = {404--413},
 publisher = {[Oxford University Press, Biometrika Trust]},
 title = {The Use of Confidence or Fiducial Limits Illustrated in the Case of the Binomial},
 volume = {26},
 year = {1934}
}

@article{WaldMethodVollset,
author = {Vollset, Stein Emil},
title = {Confidence intervals for a binomial proportion},
journal = {Statistics in Medicine},
volume = {12},
number = {9},
pages = {809-824},
doi = {10.1002/sim.4780120902},
url = {https://onlinelibrary.wiley.com/doi/abs/10.1002/sim.4780120902},
eprint = {https://onlinelibrary.wiley.com/doi/pdf/10.1002/sim.4780120902},
year = {1993}
}

@ARTICLE{Yaacoub:OptimalStopping,

  author={T. {Yaacoub} and G. V. {Moustakides} and Y. {Mei}},

  journal={IEEE Transactions on Information Theory}, 

  title={Optimal Stopping for Interval Estimation in Bernoulli Trials}, 

  year={2019},

  volume={65},

  number={5},

  pages={3022-3033},}


@article{diniz2010,
author = "Diniz, Carlos A. R. and Tutia, Marcelo H. and Leite, Jose G.",
doi = "10.1214/08-BJPS014",
fjournal = "Brazilian Journal of Probability and Statistics",
journal = "Braz. J. Probab. Stat.",
month = "03",
number = "1",
pages = "68--77",
publisher = "Brazilian Statistical Association",
title = "Bayesian analysis of a correlated binomial model",
url = "https://doi.org/10.1214/08-BJPS014",
volume = "24",
year = "2010"
}

@article{DerGeest:BnomialWithDependentBernoulli-JSCS:2005,
author = { P. A. G.   Van Der Geest   Now retired },
title = {The binomial distribution with dependent Bernoulli trials},
journal = {Journal of Statistical Computation and Simulation},
volume = {75},
number = {2},
pages = {141-154},
year  = {2005},
publisher = {Taylor & Francis},
doi = {10.1080/0094965042000193224},
URL = { 
        https://doi.org/10.1080/0094965042000193224  
},
}

@article{NG:ModifiedBinomialDistributions:1989,
author = { Tie-Hua   Ng },
title = {A new class of modified binomial distributions with applications to certain toxicological experiments},
journal = {Communications in Statistics - Theory and Methods},
volume = {18},
number = {9},
pages = {3477-3492},
year  = {1989},
publisher = {Taylor & Francis},
doi = {10.1080/03610928908830104},
URL = { 
        https://doi.org/10.1080/03610928908830104
},
eprint = { 
        https://doi.org/10.1080/03610928908830104
}
}

@article{Mingoti:2003,
author = { Sueli   Mingoti },
title = {A note on the sample size required in sequential tests for the generalized binomial distribution},
journal = {Journal of Applied Statistics},
volume = {30},
number = {8},
pages = {873-879},
year  = {2003},
publisher = {Taylor & Francis},
doi = {10.1080/0266476032000075967},

URL = { 
        https://doi.org/10.1080/0266476032000075967
    
},
eprint = { 
        https://doi.org/10.1080/0266476032000075967
    
}

}


@article{Zhang:CrrelatedFirearm:NIST:2019,
author = {Zhang, Nien Fan},
file = {:Users/fabrizio.pastore/Desktop/Zhang-CorrelatedBinomialDistributionInEstmatngErrorRates-NIST-2019.pdf:pdf},
keywords = {2019,Bernoulli trials,accepted,ballistic signatures,bernoulli trials,beta-binomial distribution,forensic science,maximum likelihood estimation,nonlinear regression,nonlinear regression.,october 2,published,september 9},
mendeley-groups = {distrbtions},
number = {124026},
pages = {1--16},
title = {{The Use of Correlated Binomial Distribution in Estimating Error Rates for Firearm Evidence Identification}},
volume = {124},
year = {2019}
}

@article{Kupper1978,
author = {Kupper, L. L. and Haseman, J. K.},
doi = {10.2307/2529589},
file = {:Users/fabrizio.pastore/Desktop/Kupper-CorrelatedBinomialModel-Biometrics-1978.pdf:pdf},
issn = {0006341X},
journal = {Biometrics},
mendeley-groups = {distrbtions},
number = {1},
pages = {69},
pmid = {564719},
title = {{The Use of a Correlated Binomial Model for the Analysis of Certain Toxicological Experiments}},
volume = {34},
year = {1978}
}

@inbook{Bahadur,
author = {Bahadur, R. R.},
journal = {Studies in item analysis and prediction},
publisher    = {Stanford University Press},
pages = {158-168},
title = {{A Representation of the Joint Distribution of Responses to N Dichotomous Items}},
year = {1961}
}

@article{Kadane2016,
archivePrefix = {arXiv},
arxivId = {1404.1856},
author = {Kadane, Joseph B.},
doi = {10.1214/15-BA955},
eprint = {1404.1856},
file = {:Users/fabrizio.pastore/Desktop/Kadane-ConwayMaxellBinomial-BA-2016.pdf:pdf},
issn = {19316690},
journal = {Bayesian Analysis},
keywords = {Arithmetic binomial,Beta-binomial,Correlated bernoulli random variables,Correlated binomial,Multiplicative binomial},
mendeley-groups = {distrbtions},
number = {2},
pages = {403--420},
title = {{Sums of possibly associated Bernoulli variables: The conway-maxwell-binomial distribution}},
volume = {11},
year = {2016}
}

@MISC{GCCopt,
author={{FSF} - {F}ree {S}oftware {F}oundation},
title={{GCC Optimizations}},
howpublished={https://gcc.gnu.org/onlinedocs/gcc/Optimize-Options.html},
year="2020"
}

@MISC{GCC,
author={{FSF} - {F}ree {S}oftware {F}oundation},
title={{GCC, the GNU Compiler Collection}},
howpublished={https://gcc.gnu.org/},
year="2020"
}

@misc{CSP,
    title={{The Cubesat Protocol Library}},
    author={{Gomspace}},
    year={2020},
    url={https://github.com/libcsp/libcsp},
}

@misc{CHECK,
    title={{CHECK} C test framework},
    author={{Cloudbees}},
    year={2020},
    url={https://libcheck.github.io/check/},
}

@article{chekam2021killing,
  title={Killing stubborn mutants with symbolic execution},
  author={Chekam, Thierry Titcheu and Papadakis, Mike and Cordy, Maxime and Traon, Yves Le},
  journal={ACM Transactions on Software Engineering and Methodology (TOSEM)},
  volume={30},
  number={2},
  pages={1--23},
  year={2021},
  publisher={ACM New York, NY, USA}
}



@inproceedings{winter2011impact,
  title={The impact of fault models on software robustness evaluations},
  author={Winter, Stefan and S{\^a}rbu, Constantin and Suri, Neeraj and Murphy, Brendan},
  booktitle={Proceedings of the 33rd International Conference on Software Engineering},
  pages={51--60},
  year={2011}
}


@ARTICLE{Givehchi:2017,  author={Givehchi, Omid and Landsdorf, Klaus and Simoens, Pieter and Colombo, Armando Walter},  journal={IEEE Transactions on Industrial Informatics},   title={Interoperability for Industrial Cyber-Physical Systems: An Approach for Legacy Systems},   year={2017},  volume={13},  number={6},  pages={3370-3378},  doi={10.1109/TII.2017.2740434}}

@ARTICLE{Jirkovsk:2017,  author={Jirkovsky, Vaclav and Obitko, Marek and Marik, Vladimir},  journal={IEEE Transactions on Industrial Informatics},   title={Understanding Data Heterogeneity in the Context of Cyber-Physical Systems Integration},   year={2017},  volume={13},  number={2},  pages={660-667},  doi={10.1109/TII.2016.2596101}}

@MISC{MarsClimateOrbiter,
author={{NASA}},
title={{Mars Climate Orbiter, Spacecraft lost}},
howpublished={https://solarsystem.nasa.gov/missions/mars-climate-orbiter/in-depth/},
year="1998"
}

@ARTICLE{Khaitan:2015,
  author={Khaitan, Siddhartha Kumar and McCalley, James D.},
  journal={IEEE Systems Journal}, 
  title={Design Techniques and Applications of Cyberphysical Systems: A Survey}, 
  year={2015},
  volume={9},
  number={2},
  pages={350-365},
  doi={10.1109/JSYST.2014.2322503}}

@article{Roehm:2019,
author = {Roehm, Hendrik and Oehlerking, Jens and Woehrle, Matthias and Althoff, Matthias},
title = {Model Conformance for Cyber-Physical Systems: A Survey},
year = {2019},
issue_date = {October 2019},
publisher = {Association for Computing Machinery},
address = {New York, NY, USA},
volume = {3},
number = {3},
issn = {2378-962X},
url = {https://doi.org/10.1145/3306157},
doi = {10.1145/3306157},
journal = {ACM Trans. Cyber-Phys. Syst.},
month = aug,
articleno = {30},
numpages = {26},
}

@article{Devroey2016,
author = {Devroey, Xavier and Papadakis, Mike and Legay, Axel and Heymans, Patrick},
file = {:Users/fabrizio.pastore/Desktop/2884781.2884821.pdf:pdf},
isbn = {9781450339001},
keywords = {Mutation Analysis, Variability, Featured Transition Systems,featured transition systems,mutation analysis,variability},
mendeley-groups = {model-based},
number = {ii},
title = {{Featured Model-based Mutation Analysis}},
year = {2016}
}

@InProceedings{Abbaspour:2015,
author="Abbaspour Asadollah, Sara
and Inam, Rafia
and Hansson, Hans",
editor="El-Fakih, Khaled
and Barlas, Gerassimos
and Yevtushenko, Nina",
title="A Survey on Testing for Cyber Physical System",
booktitle="Testing Software and Systems",
year="2015",
publisher="Springer International Publishing",
address="Cham",
pages="194--207",
isbn="978-3-319-25945-1"
}

@article{BELLI201625,
title = {Model-based mutation testing—Approach and case studies},
journal = {Science of Computer Programming},
volume = {120},
pages = {25-48},
year = {2016},
issn = {0167-6423},
doi = {https://doi.org/10.1016/j.scico.2016.01.003},
url = {https://www.sciencedirect.com/science/article/pii/S0167642316000137},
author = {Fevzi Belli and Christof J. Budnik and Axel Hollmann and Tugkan Tuglular and W. Eric Wong},
keywords = {Mutation testing, Model-based testing, Model-based mutation testing, Mutation operator, Fault detection capability},
}


@MISC{BPEL,
author={{OASIS}},
title={{OASIS Web Services Business Process Execution Language (WSBPEL) TC}},
howpublished={https://www.oasis-open.org/committees/tc\_home.php?wg\_abbrev=wsbpel},
year="2007"
}


@book{Ammann:Offutt:2008,
author = {Ammann, Paul and Offutt, Jeff},
title = {Introduction to Software Testing},
year = {2008},
isbn = {0521880386},
publisher = {Cambridge University Press},
address = {USA},
edition = {1},
}

@article{He2011,
author = {He, Nannan and R{\"{u}}mmer, Philipp and Kroening, Daniel},
doi = {10.1145/2024724.2024777},
file = {:Users/fabrizio.pastore/Desktop/05981757.pdf:pdf},
isbn = {9781450306362},
issn = {0738100X},
journal = {Proceedings - Design Automation Conference},
keywords = {Mutation testing,Simulink,embedded systems,formal concept analysis},
mendeley-groups = {Testing/MutationTesting/ModelBased},
pages = {224--229},
title = {{Test-case generation for embedded simulink via formal concept analysis}},
year = {2011}
}

@article{satSurvey,
author = {Davoli, Franco and Kourogiorgas, Charilaos and Marchese, Mario and Panagopoulos, Athanasios and Patrone, Fabio},
title = {Small satellites and CubeSats: Survey of structures, architectures, and protocols},
journal = {International Journal of Satellite Communications and Networking},
volume = {37},
number = {4},
pages = {343-359},
keywords = {CubeSat, CubeSat architecture, CubeSat channel model, CubeSat communication protocols, CubeSat hardware components, CubeSat network},
doi = {https://doi.org/10.1002/sat.1277},
url = {https://onlinelibrary.wiley.com/doi/abs/10.1002/sat.1277},
eprint = {https://onlinelibrary.wiley.com/doi/pdf/10.1002/sat.1277},
year = {2019}
}

@MISC{REPLICABILITY,
author={{Authors of this paper}},
title={{Replicability package}},
howpublished={https://figshare.com/s/0549b75ec5ed6de401bd},
year="2021"
}

@ARTICLE{Oscar:MASS:TSE,
  author={Cornejo Olivares, Oscar Eduardo and Pastore, Fabrizio and Briand, Lionel},
  journal={IEEE Transactions on Software Engineering}, 
  title={Mutation Analysis for Cyber-Physical Systems: Scalable Solutions and Results in the Space Domain}, 
  year={2021},
  volume={},
  number={},
  pages={1-1},
  doi={10.1109/TSE.2021.3107680}}
  
  @INPROCEEDINGS{Grechanik:16,  author={Grechanik, Mark and Devanla, Gurudev},  booktitle={2016 IEEE International Conference on Software Quality, Reliability and Security (QRS)},   title={Mutation Integration Testing},   year={2016},  volume={},  number={},  pages={353-364},  doi={10.1109/QRS.2016.47}}
  
  @INPROCEEDINGS{Jiang:ICSM:05,  author={Ying Jiang and Shan-Shan Hou and Jin-Hui Shan and Lu Zhang and Bing Xie},  booktitle={21st IEEE International Conference on Software Maintenance (ICSM'05)},   title={Contract-based mutation for testing components},   year={2005},  volume={},  number={},  pages={483-492},  doi={10.1109/ICSM.2005.36}}
  
  @article{Offutt2006,
author = {Offutt, Jeff and Ammann, Paul and Liu, Lisa},
doi = {10.1109/MUTATION.2006.11},
isbn = {076952897X},
journal = {2nd Workshop on Mutation Analysis (Mutation 2006 - ISSRE Workshops 2006), MUTATION'06},
pages = {12},
title = {{Mutation testing implements grammar-based testing}},
year = {2006}
}

@inproceedings{person2008differential,
  title={Differential symbolic execution},
  author={Person, Suzette and Dwyer, Matthew B and Elbaum, Sebastian and Pasareanu, Corina S},
  booktitle={Proceedings of the 16th ACM SIGSOFT International Symposium on Foundations of software engineering},
  pages={226--237},
  year={2008}
}

@article{Aichernig2015,
author = {Aichernig, Bernhard and Brandl, Harald and Elisabeth, J and Krenn, Willibald and Schlick, Rupert and Tiran, Stefan},
isbn = {9781479971251},
journal = {Icst 2015},
title = {{Model-based Mutation Testing for UML}},
url = {www.momut.org},
year = {2015}
}

@article{Newcombe:Wilson:1998,
author = {Newcombe, Robert G.},
title = {Two-sided confidence intervals for the single proportion: comparison of seven methods},
journal = {Statistics in Medicine},
volume = {17},
number = {8},
pages = {857-872},
doi = {https://doi.org/10.1002/(SICI)1097-0258(19980430)17:8<857::AID-SIM777>3.0.CO;2-E},
year = {1998}
}

@book{BasicBusinessStatistics,
author = {Berenson, Mark L. and Levine, D. M. and Szabat, K.},
title = {Basic Business Statistics: Concepts and Applications},
year = {1998},
isbn = {0137956185},
publisher = {Prentice Hall PTR},
address = {USA},
edition = {7th},
}

@ARTICLE{Oscar:TSE,  author={Cornejo Olivares, Oscar Eduardo and Pastore, Fabrizio and Briand, Lionel},  journal={IEEE Transactions on Software Engineering},   title={Mutation Analysis for Cyber-Physical Systems: Scalable Solutions and Results in the Space Domain},   year={2021},  volume={},  number={},  pages={1-1},  doi={10.1109/TSE.2021.3107680}}